1936 3112
134 112 211 173 x]
774 112 955 158 LIBER
990 112 1092 159 1111.

203 247 372 318 Inque
407 265 584 301 meum
622 266 829 318 semper
866 250 1010 301 stent
1043 250 1138 301 tua
1172 267 1339 319 regna
1376 249 1548 317 caput.

135 317 269 372 Inde
306 322 585 372 coronatas
621 319 714 372 ubi
748 321 865 371 ture
902 320 1129 388 piaveris
1168 337 1310 387 aras,

203 388 421 442 Luxerit
456 391 510 442 et
543 391 660 442 tota
694 390 907 442 flamma
944 390 1174 442 secunda
1210 390 1367 443 domo
1378 431 1392 457 ,

140 458 224 514 Sit
257 477 471 512 mensae
505 459 670 527 ratic,
707 478 918 529 noxque
955 461 1097 512 inter
1132 461 1326 529 pocula
1362 460 1562 528 currat,

204 529 278 583 Et
313 530 526 583 crocino
562 548 717 583 nares
755 547 993 583 murreus
1030 534 1199 600 ungat
1234 549 1400 600 onyX,

133 599 286 653 Tibia
319 600 592 653 nocturnis
629 602 938 654 succumbat
972 619 1132 653 rauca
1168 601 1398 670 choreis,

200 669 276 723 Et
310 671 420 723 sint
454 671 722 740 nequitiae
759 672 926 724 libera
961 672 1122 724 verba
1157 675 1303 741 tuae,

131 740 424 821 Dulciaque
459 742 701 812 ingratos
740 742 979 794 adimant
1015 743 1258 795 convivia
1295 759 1540 811 somnos,

201 810 422 864 Pubhca
454 812 660 866 vicinae
695 815 994 882 perstrepat
1029 831 1156 865 aura
1190 814 1331 866 viae:

134 880 217 936 Sit
252 899 366 935 sors
402 883 457 935 et
489 883 646 935 nobis
681 883 910 936 talorum
947 884 1237 953 interprete
1273 884 1439 952 iacta,

202 951 370 1015 Quem
406 953 658 1021 gravibus
693 954 884 1023 pennis
922 954 1162 1007 verberet
1197 955 1288 1008 ille
1324 972 1471 1024 puer.

133 1021 267 1077 Cum
301 1023 465 1076 fuerit
497 1024 680 1077 multis
719 1027 903 1077 exacta
938 1025 1219 1077 trientibus
1256 1024 1411 1092 hora,

200 1092 390 1147 Noctis
428 1095 482 1146 et
515 1094 760 1147 instituet
796 1113 946 1148 sacra
980 1096 1225 1148 ministra
1260 1095 1443 1148 Venus
1453 1136 1468 1163 ,

131 1163 330 1217 Annua
366 1164 631 1231 solvamus
667 1165 903 1219 thalamo
942 1166 1222 1219 sollemnia
1257 1170 1471 1235 nostr0,

199 1233 252 1289 N
256 1234 515 1304 atalisque
548 1236 627 1289 tui
660 1236 741 1289 sic
776 1255 1093 1306 peragamus
1130 1238 1248 1290 iter.

130 1516 269 1580 Quid
304 1516 522 1586 mirare,
560 1535 734 1570 meam
771 1519 818 1570 si
853 1522 1029 1571 versat
1065 1519 1265 1572 femina
1300 1519 1466 1574 vitam

199 1587 272 1640 Et
305 1587 474 1641 trahit
508 1587 775 1641 addictum
813 1589 910 1641 sub
948 1608 1043 1642 sua
1078 1591 1196 1643 iura
1231 1590 1428 1659 virum,

130 1656 468 1728 criminaque
504 1659 685 1729 ignavi
723 1660 909 1725 capitis
946 1660 1078 1712 mihi
1114 1661 1292 1729 turpia
1315 1661 1513 1731 fingi&

200 1725 354 1792 Quod
388 1747 648 1799 nequeam
685 1730 856 1783 fracto
893 1749 1136 1800 rumpere
1172 1732 1349 1784 vincla
1383 1731 1548 1801 iugo?

126 1798 422 1853 Venturam
455 1800 644 1853 melius
677 1802 950 1871 praesagit
983 1802 1164 1854 navita
1200 1805 1451 1871 mortem,

197 1868 514 1924 Volneribus
552 1870 739 1923 didicit
773 1872 926 1925 miles
963 1871 1158 1926 habere
1195 1875 1411 1926 metum.

126 1939 238 1994 Ista
273 1959 374 2012 ego
410 1942 698 2011 praeterita
732 1942 927 1995 iactavi
960 1943 1122 1996 verba
1157 1943 1396 1998 iuventa:

197 2011 279 2064 Tu
312 2029 456 2065 nunc
493 2012 734 2082 exemplo
773 2013 915 2066 disce
951 2014 1138 2067 timere
1174 2032 1310 2068 meo,

128 2081 344 2136 Colchis
379 2082 666 2154 flagrantes
704 2083 1045 2137 adamantina
1082 2085 1179 2138 sub
1217 2086 1342 2155 iuga
1376 2088 1558 2139 tauros

194 2151 327 2223 Egit
362 2155 417 2206 et
451 2154 713 2224 armigera
748 2155 948 2225 proelia
985 2156 1120 2208 sevit
1154 2155 1342 2223 humo,

127 2221 478 2293 Custodisque
512 2225 655 2277 feros
693 2225 882 2278 clausit
919 2227 1179 2295 serpentis
1217 2227 1418 2296 hiatuS,

195 2292 307 2347 Iret
340 2298 400 2347 ut
434 2295 696 2348 Aesonias
734 2314 891 2349 aurea
926 2296 1048 2349 lana
1085 2297 1286 2351 domos,

128 2364 274 2417 Ausa
309 2363 459 2418 ferox
495 2365 561 2418 ab
599 2383 733 2435 equo
772 2367 1039 2435 quondam
1077 2385 1386 2438 oppugnare
1426 2369 1637 2439 sagittis

194 2434 422 2489 Maeotis
459 2435 703 2489 Danaum
740 2436 1077 2491 Penthesilea
1111 2442 1275 2509 rates3

124 2506 304 2559 Aurea
341 2506 425 2559 cui
459 2510 741 2576 postquam
777 2508 997 2560 nudavit
1032 2510 1238 2562 cassida
1274 2510 1530 2579 frontem,

195 2575 342 2631 Vicit
376 2577 631 2630 victorem
669 2578 892 2630 candida
928 2579 1102 2632 forma
1136 2580 1323 2634 virum.

126 2645 386 2717 Omphale
421 2648 480 2700 in
515 2650 725 2701 tantum
761 2649 966 2702 formae
1002 2651 1262 2719 processit
1296 2650 1579 2721 honorem,

195 2717 362 2787 Lydia
398 2718 619 2788 Gygaeo
657 2719 827 2771 tincta
863 2721 1040 2788 puella
1077 2722 1220 2788 lacU,

125 2786 223 2857 Vt,
261 2789 351 2858 qui
387 2793 578 2859 pacato
619 2790 892 2843 statuisset
929 2791 985 2843 in
1022 2791 1148 2844 orbe
1187 2793 1483 2864 columnaS,

194 2857 327 2913 Tam
360 2859 490 2913 dura
524 2860 760 2914 traheret
792 2861 977 2914 mollia
1009 2881 1176 2932 pensa
1211 2882 1388 2917 mann.

1673 106 1740 160 75

1684 399 1740 438 20

1680 750 1736 792 25

1679 1106 1737 1145 30

1681 2168 1735 2209 10

1679 2521 1731 2562 15
