1936 3112
125 103 354 165 XXVIII]
770 102 950 150 mima
986 101 1065 148 111.
1653 94 1724 149 55

198 239 254 292 ‘1
289 257 432 292 nunc
469 241 523 292 et
557 245 740 292 noctes
779 239 921 292 disce
958 256 1170 291 manere
1207 237 1388 290 domi.'

128 310 286 363 Mane
322 313 460 379 erat,
497 313 552 362 et
586 309 754 378 volui,
793 310 838 362 si
874 310 989 362 sola
1025 309 1316 378 quiesceret
1350 308 1471 375 illa,

199 379 408 433 Visere:
447 382 502 432 et
534 379 591 432 in
628 380 765 432 lecto
805 379 1036 448 Cynthia
1074 379 1188 431 sola
1222 379 1341 430 fuit.

131 450 416 520 Obstupui:
453 467 564 503 non
600 450 694 502 illa
729 450 860 502 mihi
896 450 1179 502 formosior
1213 467 1462 518 umquam
1672 456 1728 497 25

198 520 355 589 Visa,
393 538 564 590 neque
602 521 803 573 ostrina
839 538 959 573 cum
993 521 1099 573 fuit
1133 520 1191 572 in
1225 519 1432 586 tunica,

31 626 34 628 v
129 590 252 644 Ibat
287 593 341 644 et
373 590 499 644 hinc
537 594 711 644 castae
747 593 1017 643 narratum
1055 590 1261 643 somnia
1295 589 1515 658 Vestae,

201 661 322 715 Neu
358 661 462 714 sibi
496 679 629 714 neve
664 661 797 714 mihi
826 679 959 730 quae
994 661 1237 713 nocitura
1271 660 1472 712 forent:

131 731 274 784 Talis
309 732 423 785 visa
458 730 591 784 mihi
628 750 815 784 somno
853 731 1069 784 dimissa
1103 731 1320 784 recenti.

155 801 287 861 ψη
323 805 579 871 quantum
614 821 710 871 per
746 821 801 856 se
838 802 1060 855 candida
1095 802 1267 854 forma
1302 801 1468 854 valet!
1675 809 1732 849 3ο

131 872 278 935 ‘Quo
314 874 375 925 tu
406 873 723 926 matutinus⁷
762 873 837 925 ait
873 870 1476 942 ‘speculator-amicae?

201 942 289 996 Me
326 943 552 996 similem
589 943 776 996 vestris
812 944 1049 996 moribus
1087 961 1201 996 esse
1237 941 1430 1012 putas?

130 1012 259 1067 Non
294 1031 394 1084 ego
430 1015 541 1066 tam
576 1014 773 1066 facilis:
812 1016 894 1066 sat
931 1014 1031 1066 erit
1065 1013 1198 1066 mihi
1235 1012 1480 1083 cognitus
1517 1029 1678 1080 1111113,

202 1082 304 1137 Vel
338 1087 398 1137 tu
432 1084 517 1137 vel
553 1084 717 1153 siquis
753 1085 928 1137 verior
964 1102 1077 1136 esse
1113 1087 1305 1153 potest.

134 1154 222 1224 Ap
262 1157 415 1208 arent
447 1172 559 1207 non
594 1155 704 1207 ulla
737 1158 854 1207 toro
890 1155 1114 1224 vestigia
1149 1172 1359 1224 presso,
1677 1162 1732 1203 35

204 1173 372 1296 Spigna
404 1225 694 1295 voluptatis
704 1267 719 1294 ,
758 1243 858 1278 nec
894 1225 1116 1278 iacuisse
1154 1225 1301 1278 (11103.

132 1294 356 1365 Aspice,
394 1298 455 1349 ut
489 1296 547 1348 in
582 1299 696 1348 toto
733 1296 910 1348 nullus
947 1295 1080 1348 mihi
1117 1313 1336 1365 corpore
1374 1297 1559 1366 surgat

205 1366 433 1436 Spiritus
470 1366 699 1419 admisso
733 1369 892 1419 notus
930 1366 1224 1420 adulteri0.'

138 1435 312 1506 Dixit,
351 1439 405 1490 et
440 1438 686 1506 opposita
721 1437 1023 1506 propellens
1061 1437 1203 1489 savia
1239 1437 1423 1490 dextra

106 1502 116 1509 ’
166 1539 170 1542 -
208 1507 426 1560 Prosilit
460 1508 519 1560 in
554 1506 672 1559 laxa
706 1508 832 1559 nixa
866 1507 1055 1576 pedem
1091 1507 1249 1561 solea.
1679 1517 1735 1559 40

135 1579 223 1634 Sic
260 1596 360 1648 ego
395 1580 507 1630 tam
544 1578 714 1630 sancti
751 1578 955 1630 custodi
993 1579 1242 1630 excludor
1278 1578 1498 1633 amoris:

204 1648 288 1702 Ex
323 1648 417 1701 illo
453 1648 583 1701 felix
618 1666 727 1701 nox
762 1648 895 1700 mihi
931 1649 1079 1700 nulla
1113 1649 1230 1702 fuit.

664 1828 923 1888 XXVIII
970 1829 1202 1905 [xxx].

137 1931 253 1995 Quo
287 1930 345 1983 fu
385 1931 430 1983 is
462 1949 495 1983 a
527 1930 782 1984 demens?
820 1931 1020 1984 nullast
1055 1931 1207 2000 fuga:
1245 1933 1304 1983 tu
1340 1931 1466 1984 licet
1500 1949 1665 2001 usque

206 2001 293 2054 Ad
377 2001 536 2054 anain
569 2002 772 2072 fugiaS,
809 2020 975 2070 usque
1013 2004 1260 2071 sequetur
1295 2002 1480 2056 Amor.

136 2071 262 2125 Non
299 2072 345 2125 si
380 2071 613 2142 Pegaseo
650 2072 872 2125 vecteris
909 2073 965 2124 in
1003 2091 1120 2124 aere
1158 2072 1314 2125 dorso
1325 2114 1340 2141 ‚

207 2142 322 2196 Nec
357 2142 456 2195 tibi
494 2143 539 2195 si
575 2142 755 2196 Persei
790 2143 1016 2195 moverit
1052 2143 1136 2195 ala
1170 2143 1329 2212 pedes
1340 2184 1355 2211 ‚

138 2213 238 2267 Vel
275 2213 320 2265 si
355 2214 410 2266 te
446 2215 618 2266 sectae
654 2213 866 2282 rapiant
900 2213 1153 2271 talaribus
1192 2232 1371 2283 aurae,
1709 2225 1736 2266 5

208 2282 301 2336 Nil
337 2283 438 2335 tibi
473 2282 722 2336 Mercurii
757 2283 994 2353 proderit
1030 2284 1139 2335 alta
1173 2284 1274 2336 via.

138 2354 312 2407 Instat
347 2371 554 2423 semper
588 2355 757 2406 Amor
794 2372 952 2423 supra
990 2357 1170 2423 caput,
1208 2354 1374 2407 instat
1409 2356 1636 2426 amanti,

208 2424 281 2477 Et
317 2424 493 2494 gravis
530 2424 644 2493 ipse
681 2443 837 2493 super
873 2425 1039 2477 libera
1075 2425 1212 2477 colla
1249 2425 1410 2478 sedet.

138 2494 382 2548 Excubat
417 2494 508 2546 ille
545 2513 664 2548 acer
701 2498 877 2548 custos
917 2498 970 2548 et
1004 2495 1191 2547 tollere
1227 2514 1516 2565 numquam

209 2565 284 2618 Te
313 2565 549 2634 »patietur
583 2564 745 2618 humo
783 2566 984 2618 lumina
1023 2569 1177 2634 capta
1214 2565 1390 2619 semel.
1686 2579 1738 2619 10

139 2635 237 2703 Et,
274 2635 381 2688 iam
419 2635 462 2688 si
500 2653 703 2704 pecceS‚
741 2635 867 2688 deus
906 2637 1184 2689 exorabilis
1223 2636 1390 2703 illest,

211 2705 268 2758 Si
303 2705 464 2758 modo
501 2708 805 2775 praesentes
841 2706 1032 2759 viderit
1068 2725 1181 2759 esse
1218 2725 1416 2775 preces,

140 2775 252 2829 Ista
288 2793 440 2829 senes
478 2776 603 2829 licet
639 2779 885 2829 accusent
922 2777 1164 2830 convivia
1201 2777 1340 2830 duri:

211 2845 324 2900 Nos
361 2846 519 2899 modo
556 2847 913 2917 propositum,
953 2847 1085 2916 vita,
1122 2851 1355 2900 teramus
1391 2849 1506 2903 iter.
1541 2875 1543 2877 >
