1936 3112
233 120 302 172 52
878 124 1196 170 PROPERTII
1635 121 1819 182 [XXIII.

764 283 965 343 XXIII
1010 283 1296 360 [XXVIIJ.

340 385 412 438 Et
448 403 540 438 vos
578 387 856 454 incertam,
893 385 1166 453 mortaleS‚
1204 386 1403 437 funeris
1439 385 1625 437 horam

411 456 695 520 QuaeritiS,
735 459 788 508 et
824 474 927 524 qua
964 455 1033 507 sit
1067 473 1209 507 mors
1246 455 1450 507 aditura
1485 455 1594 522 via,

342 525 601 587 Quaeritis
639 529 692 579 et
728 526 898 592 cae10‚
937 525 1260 578 Phoenicum
1295 526 1533 593 inventa,
1571 541 1778 590 seren0,

413 595 560 662 Quae
587 596 656 648 sit
680 597 836 649 stella
867 595 1070 647 homini
1095 595 1368 648 commoda
1392 611 1625 664 quaeque
1654 593 1818 661 mala,

295 676 320 715 5
349 665 451 718 Seu
475 666 695 734 pedibus
714 665 937 718 Parthos
964 665 1193 733 sequitur
1211 684 1303 718 seu
1323 666 1490 718 classe
1510 663 1795 716 Britannos
1806 703 1821 732 ,

411 735 483 787 Et
516 737 675 788 maris
714 739 766 788 et
800 739 968 788 terrae
1006 753 1158 787 caeca
1193 735 1390 804 pericla
1425 735 1562 804 viae3

341 806 541 858 Rursus
579 810 632 858 et
667 806 930 858 obiectum
966 806 1101 857 fletis
1139 808 1298 874 caput
1334 823 1446 858 esse
1482 804 1734 870 tumultu,

413 875 546 928 Cum
581 876 794 928 Mavors
833 876 1016 928 dubias
1052 876 1238 927 miscet
1273 876 1534 943 utrimque
1569 891 1780 942 manust,

342 945 619 999 Praeterea
657 946 898 999 domibus
935 946 1202 997 flammam
1238 946 1530 1013 metuisque
1565 944 1801 1011 ruinaS„

263 1027 315 1064 10
366 1037 378 1051 ·
408 1016 528 1070 Neu
564 1017 787 1069 subeant
823 1016 982 1068 labris
1019 1016 1208 1084 pocula
1243 1016 1399 1085 nigra
1433 1015 1553 1067 tuis,

343 1085 497 1138 Solus
535 1105 714 1139 amans
752 1087 926 1152 novit,
966 1085 1175 1154 quando
1211 1086 1471 1154 periturus
1508 1088 1561 1136 et
1596 1102 1629 1135 a
1663 1101 1766 1152 qua

412 1156 597 1224 Morte,
618 1175 787 1226 neque
804 1156 889 1208 hic
906 1156 1105 1208 Boreae
1124 1155 1287 1207 flabra
1304 1172 1473 1223 neque
1491 1172 1637 1206 arma
1652 1154 1820 1206 timet.

341 1226 454 1278 Iam
490 1227 615 1279 licet
653 1231 705 1279 et
730 1227 914 1295 Stygia
952 1226 1130 1278 sedeat
1166 1226 1263 1278 sub
1301 1224 1554 1277 arundine
1589 1241 1791 1292 rement,

413 1297 607 1350 Cernat
643 1301 696 1349 et
730 1298 969 1349 infernae
1005 1296 1179 1348 tristia
1214 1296 1332 1347 vela
1366 1294 1517 1346 ratis:

264 1377 313 1415 15
341 1364 396 1418 Si
433 1367 589 1419 modo
628 1368 933 1420 damnatum
968 1366 1290 1418 revocaverit
1327 1382 1454 1416 aura
1489 1364 1720 1433 puellae,

412 1437 734 1490 Concessum
770 1437 916 1489 nulla
951 1437 1069 1504 lege
1105 1435 1299 1488 redibit
1333 1436 1448 1487 iter.

731 1629 963 1688 XXIIII
1009 1628 1325 1706 [XXVIII].

339 1728 599 1799 Iuppiter,
638 1731 874 1783 adfectae
910 1732 1125 1783 tandem
1161 1731 1407 1783 miserere
1444 1729 1673 1798 puellae:

410 1801 541 1853 Tam
576 1801 812 1852 formosa
847 1805 996 1853 tuum
1031 1803 1239 1853 mortua
1274 1801 1472 1853 crimen
1509 1799 1623 1852 erit.

340 1869 501 1923 Venit
538 1871 678 1923 enim
715 1873 947 1939 tempw,
986 1889 1088 1940 quo
1125 1870 1355 1923 torridus
1391 1871 1596 1922 aestuat
1630 1886 1744 1936 aer,

410 1940 606 2009 Incipit
641 1944 694 1992 et
730 1941 869 1993 sicco
905 1941 1107 1994 fervere
1142 1944 1283 1993 terra
1319 1939 1478 1993 Cane.

293 2022 318 2059 ὅ
346 2010 448 2063 Sed
483 2029 593 2064 non
629 2014 740 2063 tam
765 2011 966 2063 ardoris
992 2012 1197 2079 culpast
1218 2028 1388 2078 neque
1423 2009 1642 2062 crimina
1666 2009 1820 2075 caeli,

412 2081 579 2142 Quam
615 2081 810 2133 totiens
848 2084 1059 2133 sanctos
1096 2099 1204 2132 non
1239 2079 1487 2131 habuisse
1524 2078 1664 2131 deos,

340 2149 458 2202 Hoc
493 2151 667 2218 perdit
701 2151 920 2203 miseras
930 2192 944 2218 ,
982 2150 1085 2202 hoc
1121 2149 1350 2218 perdidit
1385 2152 1507 2201 ante
1542 2148 1768 2217 puellas:

412 2221 675 2289 Quidquid
711 2222 974 2285 iurarunt,
1014 2224 1199 2272 ventus
1238 2222 1290 2271 et
1323 2219 1464 2271 unda
1498 2218 1653 2286 rapit.

340 2290 483 2343 Num
521 2291 622 2343 sibi
659 2291 904 2342 collatam
943 2290 1109 2342 doluit
1131 2289 1311 2342 Venus
1348 2289 1463 2357 ipsa
1499 2287 1818 2356 paremque?

262 2370 314 2409 10
407 2360 510 2412 Per
545 2379 600 2412 se
637 2361 882 2412 formosis
919 2360 1179 2412 invidiosa
1216 2359 1376 2411 deast.

341 2431 429 2481 An
466 2433 767 2498 contempta
801 2431 900 2481 tibi
937 2430 1155 2482 Iunonis
1190 2429 1387 2497 templa
1422 2428 1573 2480 Pelas
1615 2426 1710 2479 ae?

410 2499 638 2551 Palladis
677 2504 766 2551 aut
803 2501 982 2551 oculos
1019 2518 1145 2550 ausa
1179 2517 1373 2567 negare
1409 2498 1578 2549 bonos

344 2570 582 2637 Semper,
621 2570 908 2637 formosae,
947 2588 1058 2621 non
1091 2570 1261 2620 nostis
1297 2586 1508 2636 parcere
1543 2566 1732 2619 verbis,

411 2638 527 2690 Hoc
564 2639 662 2690 tibi
699 2640 881 2707 lingua
915 2657 1139 2704 nocens,
1187 2637 1288 2689 hoc
1323 2636 1421 2689 tibi
1457 2637 1627 2688 forma
1662 2635 1819 2688 dedit.

265 2721 313 2758 15
344 2709 442 2760 Sed
480 2709 579 2760 tibi
616 2713 831 2760 vexatae
869 2727 962 2777 per
997 2709 1164 2760 multa
1199 2706 1431 2776 pericula
1466 2706 1602 2758 vitae
1721 2706 1725 2710 ’

412 2778 661 2830 Extremo
699 2780 874 2830 veniet
909 2778 1118 2830 mollior
1153 2777 1283 2829 hora
1319 2776 1415 2828 die.

341 2848 400 2900 Io
435 2866 584 2899 versa
622 2852 778 2916 caput
813 2849 1011 2917 primos
1047 2848 1340 2918 mugiverat
1377 2864 1570 2899 annos:
