1936 3112
196 108 267 160 40
405 180 407 182 ‚
830 111 1148 156 PROPERTH
1640 105 1781 167 [vm.

221 259 276 298 30
370 249 577 300 Arserit
613 251 665 300 et
702 248 910 316 quantis
946 250 1112 316 nupta
1149 246 1344 300 Creusa
1379 245 1547 298 malis,

303 317 529 370 Nullane
568 318 770 370 sedabit
803 320 1013 369 nostros
1050 317 1240 369 iniuria
1275 316 1461 368 fletus?

372 389 459 439 An
498 388 646 439 dolor
683 387 770 439 hie
807 387 948 440 vitiis
985 388 1154 439 nescit
1190 387 1370 438 abesse
1406 386 1546 438 tuis?

302 457 406 508 Tot
442 459 546 509 iam
584 458 755 509 abiere
793 457 928 525 dies,
967 476 1085 509 oum
1121 475 1204 508 me
1240 473 1338 509 1160
1375 474 1499 509 cura
1532 454 1721 507 theatri

372 527 483 579 Nec
521 528 701 597 tetigit
739 527 950 595 Campi,
987 545 1085 579 1160
1121 545 1237 579 mea
1273 526 1424 580 Musa
1458 526 1617 582 iuvat.

232 607 284 647 35
299 597 370 665 Α,
407 597 602 666 pudeat
639 599 801 665 certe,
839 597 1055 666 pudeat3
1094 597 1197 648 nisi
1233 597 1392 664 forte,
1431 596 1570 665 quod
1607 593 1778 660 aiunt,

371 667 559 735 Turpis
599 685 744 718 amor
780 666 948 718 surdis
987 667 1197 718 auribus
1235 685 1346 719 esse
1383 667 1533 719 solet.

301 735 468 789 Cerne
506 737 717 804 ducem,
766 737 922 788 modo
961 737 1050 805 qui
1085 737 1298 789 fremitu
1335 735 1600 806 conplevit
1634 733 1780 786 inani

368 807 523 858 Aetia
559 807 819 858 damnatis
857 824 1082 875 aequora
1117 807 1386 860 militibus,

301 877 456 928 Hunc
493 877 708 929 insanus
748 894 893 928 amor
928 877 1091 929 versis
1130 877 1251 929 dare
1287 880 1438 946 terga
1473 875 1664 929 earinis

216 957 273 996 40
368 946 528 998 Iussit
564 950 616 999 et
653 950 883 998 extremo
922 965 1167 1015 quaerere
1203 948 1260 999 in
1297 947 1420 999 orbe
1455 947 1652 1015 fugam.

301 1015 537 1069 Caesaris
574 1016 704 1069 haec
739 1017 904 1069 virtus
943 1020 995 1068 et
1029 1017 1200 1086 gloria
1237 1016 1472 1070 Caesaris
1508 1015 1639 1068 haee
1677 1016 1778 1066 est:

369 1086 492 1154 Illa,
533 1105 634 1155 qua
671 1087 820 1154 vicit,
860 1087 1095 1139 condidit
1130 1106 1273 1154 arma
1306 1105 1482 1140 manu,

302 1155 403 1209 Sed
420 1174 773 1225 quascumque
786 1157 885 1208 tibi
898 1159 1084 1224 vesteS‚
1097 1175 1449 1226 quoscumque
1461 1155 1779 1225 smaragd08‚

374 1225 580 1288 Quosve
619 1227 762 1279 dedit
795 1227 929 1279 flavo
967 1228 1165 1280 lumine
1203 1227 1577 1296 chrysolithos,

216 1307 271 1346 45
298 1295 443 1348 Haec
478 1297 682 1349 videam
717 1297 925 1365 rapidas
962 1298 1019 1348 in
1055 1316 1247 1350 vanum
1283 1299 1418 1350 ferre
1453 1295 1732 1366 procellas,

372 1366 514 1428 Quae
549 1367 648 1419 tibi
683 1370 846 1435 terra,
885 1368 1065 1435 velim,
1105 1385 1235 1436 quae
1271 1368 1370 1420 tibi
1405 1367 1498 1419 fiat
1533 1384 1678 1435 aqua.

305 1436 357 1489 N
361 1454 431 1488 on
468 1455 673 1505 semper
708 1437 945 1506 placidus
981 1439 1217 1507 periuros
1253 1439 1390 1490 ridet
1424 1440 1659 1507 amantes

373 1506 609 1575 Iuppiter
646 1510 698 1559 et
734 1507 889 1559 surda
918 1508 1156 1578 neglegit
1191 1527 1313 1561 aure
1348 1525 1546 1577 preces,

300 1576 523 1629 Vidistis
559 1579 673 1629 toto
713 1577 915 1630 sonitus
952 1596 1251 1646 percurrere
1288 1579 1431 1631 eaelo

221 1658 276 1696 50
370 1646 715 1715 Fulminaque
752 1647 983 1699 aetheria
1019 1648 1288 1701 desiluisse
1326 1649 1506 1701 domo:

299 1717 350 1768 N
354 1735 424 1768 on
448 1716 578 1769 haee
602 1717 840 1769 Pleiades
865 1718 1068 1770 faciunt
1091 1736 1259 1787 neque
1285 1736 1510 1788 aquosus
1537 1717 1727 1787 Orion,

370 1786 420 1839 N
425 1805 483 1839 60
518 1787 593 1839 sio
631 1787 693 1839 de
733 1786 898 1839 nihilo
936 1789 1167 1840 numinis
1205 1789 1283 1841 ira
1320 1789 1476 1841 calet:

302 1857 543 1909 Periuras
579 1859 706 1909 tuno
743 1858 832 1909 ille
870 1859 1005 1910 solet
1040 1859 1226 1927 punire
1261 1859 1462 1928 puellas
1471 1900 1486 1927 ‚

372 1926 635 1995 Deceptus
674 1927 920 1995 quoniam
958 1928 1103 1980 flevit
1139 1931 1191 1981 et
1225 1930 1365 1998 ipse,
1404 1928 1545 1982 deus,

219 2007 274 2049 55
302 1997 471 2059 Quare
507 2015 574 2048 ne
611 1997 710 2049 tibi
747 1998 816 2048 sit
852 1999 987 2050 tanti
1025 1997 1240 2051 Sidonia
1277 1999 1437 2052 vestis
1447 2039 1462 2066 ,

376 2067 446 2119 Vt
482 2067 667 2119 timeas
678 2108 692 2136 ,
732 2068 973 2135 quotiens
1011 2069 1222 2122 nubilus
1259 2070 1452 2121 Auster
1489 2069 1603 2122 erit.

774 2245 945 2305 Vm]
992 2248 1201 2324 [XVII]

304 2348 519 2400 Mentiri
556 2351 792 2415 noctem,
832 2350 1103 2416 promissis
1142 2350 1327 2401 ducere
1365 2351 1650 2415 amantem,

375 2417 492 2469 Hoc
530 2418 629 2470 erit
665 2419 885 2470 infectas
923 2421 1178 2489 sanguine
1215 2419 1405 2472 habere
1443 2435 1642 2470 manus,

305 2487 509 2539 Horum
536 2506 633 2556 ego
661 2506 775 2539 sum
802 2491 944 2541 vates
958 2531 972 2557 ‚
998 2489 1240 2557 quotiens
1266 2489 1499 2541 desertus
1525 2504 1727 2539 amaras

374 2557 597 2626 Explevi
632 2560 840 2626 noeteS‚
879 2560 1072 2611 stratus
1109 2562 1329 2627 utroque
1365 2561 1499 2611 toro.

257 2639 283 2678 ὅ
309 2627 409 2679 Vel
445 2633 505 2679 tu
541 2628 795 2680 Tantalea
829 2646 1069 2681 moveare
1106 2629 1171 2681 ad
1206 2629 1421 2681 flumina
1457 2630 1624 2699 sorte,

376 2696 449 2748 Vt
485 2698 522 2749 li
560 2715 656 2750 uor
693 2699 860 2750 arenti
896 2700 1044 2751 fallat
1080 2700 1144 2751 ab
1183 2717 1272 2751 ore
1309 2699 1474 2766 sitim,

307 2767 407 2820 Vel
444 2770 505 2819 tu
581 2767 815 2836 isyphios
854 2769 977 2821 lieet
1013 2769 1266 2821 admirere
1303 2768 1533 2837 labores,

377 2837 606 2890 Difficile
643 2841 701 2890 ut
737 2840 850 2891 toto
888 2844 1066 2892 monte
1107 2840 1304 2892 volutet
1340 2856 1498 2892 onus:
