1936 3112
57 187 59 190 ι
96 127 213 186 Vll-l
715 140 718 145 ·
756 131 934 175 LIBER
972 131 1050 176 111.
1621 122 1686 175 37

158 262 471 317 Daedalium
508 265 617 317 lino
658 283 776 317 cum
816 265 946 318 duce
983 266 1120 318 rexit
1155 266 1280 333 iter,

91 333 299 396 Quanta
334 352 435 404 ego
470 336 754 404 praeterita
793 336 986 405 collegi
1022 336 1216 405 gaudia
1252 338 1435 388 nocte:

159 403 463 458 Inmortalis
500 423 616 473 er0‚
657 406 702 457 si
740 406 910 458 altera.
939 406 1060 458 talis
1099 406 1212 458 erit.
1323 431 1326 436 ·
1639 415 1689 454 10

90 474 167 526 At
201 474 325 527 dum
363 475 605 528 demissis
643 477 863 545 supplex
901 477 1189 528 cervicibus
1227 477 1396 543 ibam,

160 543 388 598 Dicebat
424 546 564 599 sicco
603 547 758 598 vilior
795 565 908 598 esse
946 547 1075 598 lacu.

2 619 4 621 ’
89 613 142 668 N
146 632 206 668 ee
241 614 374 668 mihi
409 616 515 668 iam
550 616 719 669 fastus
757 634 1025 686 opponere
1063 617 1267 686 quaerit
1302 616 1539 685 iniquos,

159 684 273 738 Nec
308 685 442 738 mihi
477 687 710 755 ploranti
747 688 888 739 lenta
925 687 1105 739 sedere
1141 690 1334 756 potest.

90 756 140 808 A
202 774 268 808 ue
303 757 508 809 utinam
544 775 654 810 non
689 761 800 809 tam
838 775 953 810 sero
991 757 1124 809 mihi
1158 760 1288 809 nota
1323 757 1513 810 fuisset
1637 765 1690 806 15

209 826 442 884 ondicio!
483 827 647 880 cineri
683 845 825 879 nunc
862 827 1123 880 medicina
1162 827 1328 880 datur.

90 897 233 949 Ante
268 897 428 966 pedes
467 898 636 951 caecis
673 898 882 950 lucebat
918 899 1105 950 semita
1140 898 1324 951 nobis:

162 965 376 1020 Scilicet
411 968 598 1021 insano
636 986 791 1021 nemo
831 969 887 1020 in
924 986 1102 1021 amore
1139 968 1295 1021 videt.

92 1036 212 1090 Hoc
249 1038 391 1091 sensi
427 1039 676 1108 prodesse
713 1039 907 1108 magis:
947 1039 1294 1107 contemnite,
1334 1041 1598 1091 amantes:

163 1107 251 1161 Sic
285 1108 444 1161 hodie
480 1110 680 1177 veniet,
719 1109 868 1178 siqua
892 1110 1119 1179 'negavit
1154 1109 1283 1161 heri.
1639 1119 1694 1159 20

92 1178 386 1232 Pulsabant
422 1179 514 1232 alii
549 1179 747 1232 frustra
783 1179 1151 1249 dominamque
1189 1180 1472 1233 vocabant:

163 1249 373 1302 Mecum
408 1249 596 1302 habuit
630 1251 860 1319 positum
903 1250 1049 1302 lenta
1083 1251 1261 1319 puella
1298 1254 1471 1319 caput.

93 1318 241 1373 Haec
276 1320 408 1373 mihi
445 1320 664 1373 devictis
700 1321 878 1390 potior
914 1321 1137 1373 victoria
1172 1321 1407 1389 Parthis,

163 1389 311 1444 Haec
335 1391 529 1460 spolia,
566 1390 698 1444 haec
729 1409 905 1461 regeS‚
944 1390 1076 1444 haec
1100 1390 1232 1444 mihi
1258 1409 1440 1444 currus
1467 1393 1634 1443 erunt.

94 1461 294 1584 Malgna
329 1478 428 1531 ego
467 1461 607 1514 dona
642 1464 733 1514 tua
769 1462 945 1531 figam,
985 1461 1262 1531 Cytherea,
1307 1463 1568 1530 columna,
1641 1471 1694 1511 25

58 1549 62 1552 ⁴
135 1533 140 1536 ’
212 1532 395 1601 aleque
432 1531 528 1584 sub
566 1535 750 1584 nostro
787 1532 1003 1584 nomine
1042 1550 1252 1585 carmen
1290 1533 1411 1585 erit:

97 1601 235 1655 ‘Has
270 1619 414 1671 pono
452 1606 574 1655 ante
611 1606 728 1654 tuas
766 1602 880 1670 tibi,
919 1602 1053 1670 diva,
1092 1602 1398 1672 Propertius
1436 1602 1590 1655 aedes

163 1671 411 1741 ExuviaS,
450 1676 564 1725 tota
598 1676 755 1726 nocte
793 1676 1033 1742 receptus
1072 1680 1291 1726 amans?

95 1742 253 1797 Nunc
290 1743 356 1796 ad
391 1746 460 1812 te,
498 1762 619 1796 mea
654 1744 759 1812 11111,
801 1744 981 1795 veniat
1018 1762 1133 1796 mea
1170 1744 1348 1797 littore
1385 1744 1538 1796 navis

166 1813 406 1868 Servata:
444 1833 513 1866 an
547 1814 735 1867 mediis
777 1813 915 1866 sidat
949 1814 1181 1866 honusta
1216 1814 1400 1867 vadis?
1640 1824 1696 1865 30

97 1884 250 1948 Quod
286 1884 332 1936 si
368 1885 506 1937 forte
543 1885 718 1954 aliqua
752 1885 907 1937 nobis
944 1886 1214 1938 mutabere
1253 1886 1432 1955 culpa,

166 1954 502 2009 Vestibulum
539 1955 739 2008 iaceam
780 1958 1018 2007 mortuus
1057 1959 1180 2009 ante
1217 1958 1382 2009 tuum.

727 2066 839 2195 vfi
886 2135 1065 2213 [XVJ.

98 2238 143 2292 Ο
180 2256 264 2291 me
300 2238 533 2291 felicem!
576 2256 607 2291 o
644 2256 752 2290 nox
789 2238 920 2290 mihi
958 2238 1194 2306 candida,
1234 2241 1288 2291 et
1323 2255 1354 2291 o
1391 2241 1450 2290 tu

166 2309 382 2362 Lectule
419 2309 621 2361 deliciis
657 2308 798 2361 facte
835 2309 986 2361 beate
1024 2309 1180 2361 meis!

98 2379 269 2442 Quam
303 2380 470 2432 multa
506 2378 749 2448 adposita
785 2398 1058 2432 narramus
1099 2379 1256 2431 verba
1292 2379 1531 2449 lucerna,

167 2450 476 2519 Quantaque
514 2450 721 2502 sublato
760 2450 958 2503 lumine
994 2451 1108 2502 rixa
1143 2450 1267 2503 fuit!

95 2520 235 2574 Nam
270 2520 429 2574 modo
466 2520 678 2572 nudatis
714 2524 974 2574 mecumst
1010 2521 1209 2573 luctata
1244 2520 1490 2589 papillis,

166 2591 440 2644 Interdum
476 2591 657 2643 tunica
694 2591 843 2643 duxit
879 2595 1062 2660 operta
1098 2608 1315 2643 moram.

97 2661 199 2715 Illa
233 2679 381 2716 meos
418 2679 606 2714 somno
644 2662 822 2731 lapsos
859 2662 1110 2730 patefecit
1146 2662 1342 2714 ocellos

169 2731 274 2786 Ore
311 2750 406 2786 suo
445 2736 499 2786 et
534 2732 668 2785 dixit
706 2733 913 2800 ‘sicine‚
953 2733 1110 2797 lente,
1149 2732 1357 2785 iaces‘?'

99 2802 270 2866 Quam
305 2804 449 2857 vario
488 2804 732 2873 amplexu
769 2806 1032 2856 mutamus
1067 2803 1304 2856 brachia!
1346 2806 1601 2871 quantum

169 2875 363 2930 Oscula
400 2879 524 2928 sunt
559 2875 720 2928 labris
758 2878 942 2928 nostra
978 2878 1182 2927 morata
1218 2875 1348 2927 tuis!
1642 2886 1695 2926 10
