1936 3112
115 105 195 165 11.]
763 105 942 151 LmER
976 104 1034 152 v.
1649 98 1713 151 97

185 241 376 312 Meque
412 241 583 295 virum
621 243 831 310 sumpta
868 241 984 310 quis
1021 243 1184 311 neget
1221 259 1333 294 esse
1369 243 1538 310 toga}

115 311 200 366 Da
234 313 423 366 falcem
459 315 514 365 et
548 314 691 365 torto
728 312 960 364 frontem
995 312 1127 364 mihi
1154 312 1423 381 conprime
1449 313 1630 364 faeno:
1662 322 1715 361 25

186 382 392 436 Iurabis
426 385 611 436 nostra
647 383 890 452 gramina
927 385 1069 434 secta
1105 401 1279 435 manu.

117 454 283 507 Arma
316 453 418 506 tuli
453 453 722 522 quondam
758 455 835 520 et,
873 453 1106 520 memini,
1145 453 1398 505 laudabar
1434 454 1491 505 in
1527 453 1657 504 illis:

187 523 376 579 Corbis
411 523 469 576 in
504 523 738 593 inposito
776 523 1009 593 pondere
1045 542 1248 576 messor
1285 542 1442 576 eram.

19 643 21 645 ,
117 593 334 648 Sobrius
371 593 438 646 ad
473 594 620 647 lites:
659 598 715 647 at
753 597 923 647 cumst
958 594 1171 663 inposta
1208 613 1429 664 corona,

187 663 456 719 Clamabis
494 665 657 734 capiti
693 665 819 718 vina
856 665 1059 717 subisse
1095 683 1227 718 meo,
1661 673 1720 717 30

118 734 288 806 Cinge
326 737 487 805 caput
519 735 700 805 mitra,
740 736 969 804 speciem
1005 736 1224 787 furabor
1261 735 1464 789 Iacchi:

187 805 424 860 Furabor
458 805 686 875 Phoebi,
725 806 771 859 si
807 807 964 859 modo
1002 807 1203 875 plectra
1241 807 1405 858 dabis.

119 876 368 931 Cassibus
404 877 651 946 inpositis
687 894 876 930 venor:
916 876 1007 929 sed
1042 877 1334 929 harundine
1373 879 1584 946 sumpta

187 947 399 1000 Faunus
436 948 680 1018 plumoso
719 966 833 1000 sum
872 947 998 1000 deus
1037 949 1276 1016 aucupio,

118 1018 220 1072 Est
254 1018 414 1071 etiam
450 1018 663 1088 aurigae
700 1019 900 1087 species
937 1018 1261 1071 Vertumnus
1301 1021 1353 1071 et
1398 1019 1534 1087 61118,
1666 1027 1721 1068 35

189 1088 388 1142 Traicit
424 1089 630 1142 alterno
669 1089 760 1158 qui
795 1089 909 1141 leve
945 1089 1154 1158 pondus
1194 1107 1343 1158 equo,

121 1159 194 1214 Su
231 1161 379 1229 petat
413 1159 540 1228 hoc,
578 1160 750 1229 pisces
789 1160 989 1212 calamo
1027 1160 1343 1229 praedabor,
1384 1162 1436 1212 et
1471 1160 1559 1212 ibo

248 1230 419 1283 undus
457 1230 700 1283 demissis
736 1230 951 1283 institor
986 1231 1044 1282 in
1081 1231 1290 1283 tunicis,

121 1299 396 1354 Pastorem
433 1301 499 1353 ad
535 1301 781 1354 baculum
816 1319 1034 1370 possum
1074 1319 1253 1354 curare
1290 1302 1374 1354 vel
1409 1302 1548 1354 idem

193 1370 467 1441 Sirpiculis
503 1371 679 1424 medio
717 1371 930 1440 pulvere
967 1372 1106 1424 ferre
1136 1390 1326 1424 rosam,
1670 1383 1723 1422 40

121 1440 262 1496 Nam
322 1442 448 1512 quid
506 1459 607 1513 ego
656 1441 882 1495 adiciam
902 1483 917 1510 ‚
979 1443 1042 1495 de
1097 1461 1198 1511 quo
1249 1443 1381 1494 mihi
1428 1443 1655 1495 maxima

155 1557 160 1560 .
1134 1514 1326 1565 famast

192 1582 487 1637 Hortorum
521 1583 580 1636 in
615 1584 859 1636 manibus
897 1584 1038 1636 dona
1074 1585 1297 1653 probata
1333 1555 1500 1637 ineis?

125 1653 408 1710 Caeruleus
447 1655 681 1708 cucumis
716 1654 1022 1723 tumidoque
1062 1655 1332 1707 cucurbita
1368 1658 1551 1708 ventre

193 1724 282 1778 Me
317 1727 471 1778 notat
507 1727 561 1778 et
595 1725 752 1778 iunco
789 1725 1022 1778 brassica
1061 1726 1237 1779 vincta
1273 1726 1402 1794 levi,

123 1795 238 1850 Nec
272 1795 371 1849 flos
406 1795 545 1848 uHus
581 1795 696 1848 hiat
730 1797 897 1864 pratis
908 1838 922 1864 ‚
962 1797 1089 1865 quin
1126 1797 1214 1849 1116
1253 1797 1498 1849 decenter
1671 1806 1727 1847 45

193 1866 465 1936 Inpositus
500 1866 668 1919 ftonti
703 1867 956 1937 langueat
991 1870 1113 1919 ante
1149 1886 1308 1920 meae.

124 1938 202 1991 At
234 1936 390 2006 mihi,
428 1936 570 2006 quod
605 1937 804 1990 formas
840 1956 976 1990 unus
1013 1939 1255 1990 vertebar
1290 1939 1347 1990 in
1386 1956 1587 2007 01111168,

194 2006 406 2061 Nomen
442 2007 508 2060 ab
547 2011 738 2060 eventu
774 2009 946 2077 patria
981 2008 1165 2078 lingua
1203 2009 1370 2078 dedit3

125 2079 199 2132 Et
231 2081 307 2147 tu,
343 2077 530 2146 Roma,
567 2078 699 2131 meis
734 2079 968 2131 tribuisti
1004 2079 1238 2148 praemia
1274 2079 1475 2147 Τ118618,

198 2148 353 2202 Vnde
387 2147 547 2201 hodie
583 2149 730 2202 vicus
765 2150 984 2202 nomina
1020 2150 1221 2202 Tuscus
1259 2149 1448 2217 habet,
1672 2160 1729 2203 50

127 2219 386 2289 Tempore
422 2236 525 2288 quo
565 2219 722 2272 sociis
759 2221 907 2273 venit
930 2220 1276 2289 Lycomedius
1316 2222 1475 2273 armis
1662 2220 1672 2227 ’

198 2291 375 2359 Atque
413 2288 610 2343 Sabina
645 2290 746 2342 feri
784 2291 1026 2343 contudit
1062 2310 1207 2343 arma
1244 2291 1379 2344 Tati.

125 2360 249 2413 Vidi
286 2377 386 2430 ego
423 2359 662 2412 labentes
701 2361 838 2414 acies
877 2364 930 2414 et
964 2362 1071 2414 tela
1109 2362 1329 2430 caduca,

196 2432 374 2500 Atque
410 2429 591 2483 hostes
627 2432 771 2500 turpi
807 2434 960 2502 terga
997 2432 1203 2484 dedisse
1240 2432 1414 2502 fugae.

129 2500 232 2556 Sed
267 2501 430 2554 facias
441 2542 455 2569 ,
494 2501 672 2554 divum
710 2505 877 2571 sator,
916 2505 975 2555 ut
1010 2502 1253 2555 Romana
1287 2521 1382 2572 per
1419 2521 1604 2556 aevum
1674 2514 1730 2557 55

198 2571 455 2632 Transeat
490 2574 613 2624 ante
649 2590 794 2625 meos
830 2573 985 2625 turba
1021 2576 1205 2642 togata
1241 2574 1418 2642 pedeS.

130 2642 232 2696 Sex
269 2644 521 2711 superant
555 2660 761 2695 versus:
798 2646 878 2712 te,
917 2644 1007 2712 qui
1044 2644 1109 2695 ad
1146 2644 1447 2697 vadimonia
1474 2646 1657 2714 curris,

198 2711 325 2766 Non
359 2729 560 2766 moror:
597 2712 727 2766 haec
764 2715 948 2783 spatiis
987 2715 1175 2766 ultima
1211 2718 1352 2767 meta
1388 2716 1535 2768 111618.

131 2781 307 2852 Stipes
344 2801 566 2836 acernus
605 2802 775 2852 eram,
814 2786 1119 2854 properanti
1155 2786 1290 2838 falce
1329 2786 1551 2855 dolatuS‚

201 2855 345 2906 Ante
382 2853 614 2907 Numam
650 2858 806 2926 grata
840 2874 1041 2925 pauper
1076 2857 1133 2909 in
1169 2857 1298 2910 urbe
1337 2857 1476 2909 deus.
1676 2867 1734 2909 60

214 2938 464 2974 nomme.
534 2944 536 2946 ·
1451 2946 1476 2987 ’Ζ
