1936 3112
181 148 246 200 78
815 149 1134 196 PROPERTH
1680 145 1776 205 [x1.

289 286 391 340 Sed
429 303 641 339 securus
678 303 788 338 eas:
829 284 1036 338 Gallam
1070 301 1181 336 non
1217 300 1434 335 munera
1468 281 1706 350 vincent,

205 369 260 408 20
355 356 698 425 Duritiaeque
734 359 854 407 tuae
890 373 1001 407 non
1038 354 1137 406 erit
1172 354 1264 405 illa
1298 370 1516 405 memor.

284 426 424 480 Nam
464 443 793 495 quocumque
830 425 914 477 die
951 425 1154 477 salvum
1188 426 1243 475 te
1279 423 1388 475 fata
1422 421 1716 490 remittent,

361 497 622 549 Pendebit
658 496 795 548 collo
834 494 988 548 Galla
1023 494 1215 562 pudica
1249 496 1356 546 tuo,

286 566 568 619 Postumus
607 566 741 618 alter
778 565 877 617 erit
912 564 1151 616 miranda
1187 563 1410 632 coniuge
1444 561 1645 615 Vlixes·

358 637 483 689 Non
520 636 600 688 illi
637 636 828 704 longae
863 637 947 687 tot
979 651 1204 687 nocuere
1239 650 1440 701 morae,

206 718 260 757 25
288 706 473 761 Castra
499 706 678 759 decem
703 723 976 773 annorum,
1004 707 1058 757 et
1077 703 1333 758 Ciconum
1345 719 1549 770 manus,
1576 700 1776 754 Ismara

878 828 890 836 ,
1189 776 1369 841 capta,

358 846 695 914 Exustaeque
730 848 853 898 tuae
888 862 1012 897 mox
1022 885 1036 913 ,
1074 843 1421 912 Polypheme,
1459 859 1655 913 genae,

294 915 368 969 Et
406 916 590 970 Circae
626 916 859 983 fraudes,
897 915 1136 983 lotosque
1172 914 1467 982 herbaeque
1502 915 1712 964 tenaces
1723 951 1744 980 ,A

361 986 637 1055 Scyllaque
675 988 729 1038 et
764 986 991 1037 alternas
1030 985 1194 1037 scissa
1230 982 1522 1051 Charybdis
1558 999 1718 1051 aquas
1727 1021 1743 1050 ‚

289 1056 588 1125 Lampeties
624 1055 822 1108 Ithacis
859 1055 1069 1107 veribus
1105 1054 1337 1123 mugisse
1373 1053 1622 1105 iuvencos

207 1138 264 1178 30
360 1127 607 1198 (Paverat
641 1125 739 1178 hos
776 1125 991 1178 Phoebo
1027 1125 1137 1176 filia
1172 1121 1490 1194 Lampetie),

289 1197 364 1251 Et
398 1197 688 1249 thalamum
725 1196 929 1248 Aeaeae
964 1195 1142 1247 flentis
1178 1195 1376 1264 fugisse
1410 1192 1647 1262 puellae,

362 1267 565 1335 Totque
600 1266 788 1318 hiemis
824 1267 1008 1317 noctes
1045 1267 1227 1333 totque
1262 1267 1474 1316 natasse
1510 1262 1646 1330 dies,

291 1336 362 1391 Ni
403 1340 684 1405 rantesque
722 1336 905 1388 domos
944 1335 1237 1387 animarum
1260 1334 1486 1386 intrasse
1511 1333 1772 1401 silentum,

363 1356 604 1461 {irenum
641 1406 796 1458 surdo
835 1406 1035 1474 remige
1071 1405 1240 1457 adisse
1276 1405 1420 1456 lacus
1429 1444 1444 1471 ‚

211 1488 265 1529 35
292 1477 365 1530 Et
403 1480 601 1529 veteres
639 1494 788 1528 arcus
825 1476 930 1527 leto
968 1492 1247 1527 renovasse
1282 1491 1586 1543 procorum,

360 1547 672 1615 Errorisque
709 1547 790 1598 sui
827 1546 902 1598 sic
937 1545 1180 1597 statuisse
1215 1544 1442 1596 modum.

291 1617 407 1672 Nec
442 1617 660 1684 frustra,
701 1616 821 1684 quia
858 1618 1001 1668 casta
1038 1615 1180 1666 domi
1215 1614 1516 1683 persederat
1549 1629 1694 1666 uxor.

362 1687 544 1741 Vincit
578 1686 869 1754 Penelopes
905 1685 1061 1737 Aelia
1098 1684 1250 1737 Galla
1283 1684 1456 1736 fidem.

802 1817 917 1922 xil
962 1859 1171 1945 [XHIJ.

294 1967 581 2034 QuaeritiS‚
619 1966 758 2018 unde
795 1966 959 2018 avidis
996 1983 1103 2017 nox
1139 1965 1209 2017 sit
1242 1965 1473 2034 pretiosa
1507 1962 1723 2032 puelliS‚

363 2038 437 2090 Et
478 2037 677 2090 Venere
714 2035 994 2088 exhaustae
1031 2035 1222 2087 damna
1257 2036 1540 2103 querantur
1574 2051 1717 2102 opes,

296 2108 454 2162 Certa
490 2107 700 2175 quidem
735 2106 897 2157 tantis
935 2123 1090 2157 causa
1126 2108 1179 2157 et
1213 2104 1493 2157 manifesta
1526 2103 1720 2156 ruinis:

366 2177 626 2229 Luxuriae
663 2176 883 2227 nimium
920 2176 1086 2227 libera
1121 2175 1260 2227 facta
1294 2175 1443 2227 viast.

252 2258 279 2299 5
305 2247 438 2300 Inda
475 2247 616 2300 cavis
654 2265 837 2298 aurum
873 2246 1037 2297 mittit
1071 2245 1293 2297 formica
1327 2244 1580 2314 metalliS‚

366 2317 438 2369 Et
472 2317 617 2368 venit
653 2334 680 2368 e
717 2316 874 2367 rubro
913 2315 1115 2367 concha
1149 2315 1380 2383 Erycina
1415 2315 1527 2366 salo
1535 2355 1551 2382 ‚

295 2387 368 2441 Et
402 2386 569 2456 Tyros
607 2386 836 2438 ostrinos
872 2386 1090 2453 praebet
1125 2384 1354 2439 Cadmea
1389 2385 1615 2453 coloreS‚

369 2456 667 2511 Cinnamon
704 2458 756 2508 et
792 2455 944 2507 multi
978 2458 1161 2524 pastor
1196 2455 1370 2507 odoris
1405 2454 1593 2507 ArabS.

296 2527 443 2580 Haec
480 2527 638 2579 etiam
673 2525 933 2594 nymphas
970 2527 1276 2594 expugnant
1311 2541 1455 2576 arma
1489 2523 1704 2592 pudicas
1713 2565 1731 2594 ,

219 2609 271 2649 10
367 2596 612 2665 Quaeque
649 2598 841 2665 gerunt
876 2595 1070 2663 fastus,
1109 2595 1343 2662 Icarioti‚
1380 2597 1526 2647 tuos:

297 2667 543 2719 Matrona
578 2665 775 2718 incedit
812 2683 997 2717 census
1035 2665 1219 2716 induta
1252 2667 1505 2732 nepotum

367 2737 440 2788 Et
475 2737 644 2804 spolia
681 2735 950 2803 opprobrii
985 2738 1167 2787 nostra
1200 2753 1296 2803 per
1331 2751 1424 2786 ora
1458 2732 1636 2788 trahit.

298 2806 514 2861 Nullast
549 2805 824 2874 poscendi,
862 2805 1060 2856 nullast
1093 2804 1384 2857 reverentia
1419 2803 1603 2873 dandi,

366 2877 478 2930 Aut
513 2876 738 2944 siquast,
774 2874 943 2944 pretio
980 2875 1185 2927 tollitur
1220 2875 1336 2945 ipsa
1371 2891 1533 2927 mora.
