1936 3112
111 128 168 186 1.]
770 130 948 175 LIBER
982 131 1039 177 v.
1646 126 1714 180 95

111 262 351 318 ‘Iunonis
386 265 550 318 facito
586 268 768 318 votum
805 267 1141 335 inpetrabile'
1182 267 1315 322 dixi:

181 333 280 387 Illa
315 335 482 404 parit:
520 336 670 389 libris
709 341 789 389 est
827 338 949 389 data
984 338 1164 406 palma
1201 339 1347 391 meis,

107 402 228 458 Hoc
263 422 434 474 neque
471 424 751 459 arenosum
785 406 984 476 Libyae
1020 407 1162 460 Iovis
1201 410 1432 478 explicat
1469 410 1677 462 antrum

178 474 291 528 Aut
326 475 429 528 sibi
465 477 760 530 conmissos
797 478 930 530 fibra
965 479 1140 530 locuta
1177 479 1318 546 deos,

113 545 225 598 Aut
259 546 425 615 siquis
461 551 633 600 motas
672 548 899 600 cornicis
938 550 1166 601 senserit
1202 550 1338 617 alas,
1632 561 1711 601 105

177 614 446 670 Vmbrave
482 635 614 686 quae
650 619 871 689 magicis
907 622 1116 671 mortua
1151 620 1328 688 prodit
1365 621 1533 690 aquiS.

107 685 469 755 Adspicienda
503 688 643 741 viast
679 690 812 741 caeli
849 707 1105 758 verusque
1142 708 1237 758 per
1274 696 1415 743 astra

179 755 396 810 Trames
434 761 489 810 et
525 759 591 811 ab
628 760 778 812 zonis
817 760 1049 828 quinque
1086 761 1318 829 petenda
1353 762 1498 815 fides,

107 825 427 897 Exemplum
502 847 624 882 rave
662 830 764 882 erit
790 829 1037 884 Calchas:
1077 849 1307 899 namque
1333 833 1526 885 Aulide
1554 834 1713 886 solvit

179 896 278 950 Ille
313 898 448 951 bene
523 904 762 953 aerentes
799 900 864 952 ad
901 901 990 969 pia
1026 919 1152 953 saxa
1188 906 1353 955 rates:
1631 915 1711 954 110

106 966 256 1021 Idem
292 969 752 1038 Agamemnoniae
777 971 974 1024 ferrum
1012 972 1213 1024 cervice
1250 974 1455 1041 puellae

176 1038 386 1107 Tinxit,
427 1043 480 1093 et
516 1041 733 1094 Atrides
769 1042 887 1094 vela
924 1045 1144 1095 cruenta
1181 1042 1352 1096 dedit:

106 1107 222 1162 Nec
257 1109 460 1163 rediere
494 1114 675 1164 tamen
713 1111 907 1164 Danai:
947 1115 1006 1164 tu
1044 1112 1220 1165 diruta
1255 1113 1439 1167 fletum

179 1178 459 1249 Supprime
495 1186 549 1234 et
583 1180 851 1235 Euboicos
887 1183 1108 1251 respice,
1146 1183 1320 1252 Troia,
1361 1186 1522 1239 sinus,

106 1248 368 1319 Nauplius
404 1251 603 1305 ultores
641 1253 738 1306 sub
773 1257 988 1306 noctem
1024 1254 1253 1324 porrigit
1288 1255 1466 1325 ignes,
1630 1268 1712 1308 115

176 1319 251 1373 Et
285 1325 437 1374 natat
474 1323 675 1376 exuviis
716 1323 937 1377 Graecia
972 1342 1157 1393 pressa
1194 1325 1319 1377 suis,

106 1389 294 1444 Victor
331 1391 553 1462 Oiliade,
590 1411 716 1463 rape
752 1413 898 1447 nunc
935 1398 988 1447 et
1025 1394 1187 1465 dilige
1223 1400 1417 1465 vatem,

177 1460 347 1524 Quam
383 1466 530 1516 vetat
565 1465 721 1518 avelli
759 1469 901 1518 veste
938 1465 1179 1518 Minerva
1216 1484 1324 1519 sua.

104 1530 379 1586 Hactenus
415 1532 696 1588 historiae:
733 1553 877 1589 nunc
914 1536 980 1588 ad
1015 1538 1108 1588 tua
1145 1536 1374 1590 devehar
1411 1541 1579 1593 astra:

175 1602 360 1672 Incipe
396 1606 458 1657 tu
496 1604 727 1658 lacrimis
766 1622 962 1676 aequus
989 1608 1171 1659 adesse
1198 1609 1366 1661 novis.
1630 1622 1711 1662 120

103 1671 326 1727 Vmbria
361 1676 416 1728 te
451 1676 596 1728 notis
633 1677 852 1746 antiqua
887 1677 1177 1730 Penatibus
1216 1678 1351 1746 edit,

178 1743 474 1815 (Mentior‘x'
513 1765 582 1799 an
617 1748 823 1816 patriae
860 1748 1102 1818 tangitur
1138 1766 1232 1801 ora
1268 1749 1453 1822 tuaeP)

105 1812 222 1877 Qua
257 1815 513 1870 nebulosa
550 1835 677 1871 cavo
715 1821 862 1871 rorat
897 1818 1143 1871 Mevania
1181 1837 1393 1889 campo,

173 1884 247 1938 Et
281 1885 425 1939 lacus
463 1888 686 1941 aestivis
714 1888 760 1941 si
781 1892 930 1958 tepet
951 1889 1152 1943 Vmber
1189 1890 1364 1959 aquiS,

105 1953 521 2026 Scandentisque
558 1959 703 2012 Asisi
740 1960 1016 2030 consurgit
1051 1961 1248 2013 vertice
1285 1980 1493 2032 muruS,
1628 1975 1708 2017 125

173 2025 358 2080 Murus
395 2027 461 2080 ab
498 2028 715 2098 ingenio
752 2031 931 2083 notior
967 2031 1056 2083 ille
1093 2035 1203 2084 tuo,

104 2095 340 2166 Ossaque
377 2098 558 2169 legisti
594 2118 706 2152 non
743 2101 837 2153 illa
873 2104 1046 2154 aetate
1085 2102 1312 2172 legenda

172 2166 348 2220 Patris
386 2172 441 2221 et
476 2169 534 2221 in
570 2172 754 2224 tenues
793 2172 999 2242 cogeris
1037 2172 1151 2241 ipse
1182 2172 1367 2225 Lares:

102 2236 242 2290 Nam
277 2240 371 2291 tua
407 2257 526 2292 cum
562 2241 716 2294 multi
753 2246 1024 2295 versarent
1060 2261 1183 2294 rura
1218 2243 1450 2314 iuvenci,

171 2308 414 2362 Abstulit
449 2311 682 2364 excultas
718 2313 919 2381 pertica
954 2313 1125 2366 tristis
1163 2331 1306 2382 opeS.
1627 2329 1708 2370 130

101 2377 227 2431 Mox
265 2378 357 2431 ubi
392 2379 539 2432 bulla
574 2382 692 2434 rudi
728 2383 1007 2436 demissast
1041 2402 1197 2436 aurea
1234 2384 1398 2453 00110,

173 2447 361 2502 Matris
400 2453 453 2503 et
489 2454 611 2504 ante
650 2452 775 2505 deos
813 2454 980 2507 libera
1017 2457 1226 2523 sumpta
1263 2456 1413 2524 toga,

101 2517 237 2571 Tum
272 2519 372 2572 tibi
407 2539 575 2590 pauca
611 2541 706 2575 suo
745 2523 808 2576 de
847 2525 1079 2577 carmine
1117 2526 1283 2577 dictat
1318 2525 1516 2595 Apollo

171 2588 245 2641 Et
280 2594 425 2643 vetat
459 2592 649 2645 insano
687 2595 847 2647 verba
882 2599 1070 2648 tonare
1108 2596 1240 2647 for0.

101 2659 177 2712 At
210 2664 271 2712 tu
306 2660 450 2732 finge
488 2663 696 2733 elegOS,
737 2665 897 2717 fallax
936 2684 1083 2734 opus,
1121 2665 1249 2717 haec
1274 2667 1367 2717 tua
1394 2672 1582 2740 castra,
1623 2684 1703 2724 135

171 2728 379 2784 Scribat
414 2735 475 2785 ut
512 2735 752 2803 exemplo
791 2739 964 2789 cetera
999 2736 1154 2788 turba
1190 2739 1301 2787 tuo,

101 2798 348 2853 Militiam
385 2800 608 2856 Veneris
646 2804 852 2857 blandis
891 2807 1090 2875 patiere
1128 2806 1225 2858 sub
1263 2810 1424 2862 armis

169 2869 244 2924 Et
279 2870 502 2948 Veneris
538 2876 716 2944 pueris
753 2877 902 2929 utilis
939 2877 1109 2929 hostis
1148 2877 1269 2929 eris.
