1936 3112
230 119 297 172 34
865 123 1186 168 PROPERTH-
1757 124 1813 184 [1.

252 269 305 309 25
330 258 581 312 Nondum
619 259 812 312 etenim
849 259 1106 311 Ascraeos
1142 261 1339 312 norunt
1373 276 1490 312 mea
1526 257 1757 310 earmina

1228 330 1427 397 fonteS,
1643 347 1645 349 ·

407 398 509 451 Sed
544 398 701 451 modo
739 398 999 452 Permessi
1034 399 1248 452 flumine
1284 399 1413 451 lavit
1448 398 1628 450 Amor.

1080 507 1148 514 ——n

889 578 950 637 Π
995 578 1141 654 [ΧΠ.

800 680 829 711 1
1206 680 1235 712 2

338 748 580 803 Scribant
616 749 678 802 de
714 752 767 802 te
805 750 894 802 alii
930 719 1032 802 vel²1²
1050 751 1121 802 sis
1158 751 1344 820 ignota
1378 749 1580 802 licebit:

406 819 631 887 Laudet,
669 820 757 888 qui
794 820 959 872 sterili
996 821 1197 873 semina
1232 821 1386 889 ponit
1418 819 1594 872 hume.

339 889 554 957 Omnia,
593 890 744 942 crede
780 890 934 958 mihi,
973 908 1148 943 seeum
1184 908 1288 942 uno
1325 908 1542 943 munera
1575 889 1712 941 lecto

406 960 625 1012 Auferet
661 960 880 1012 extremi
914 961 1113 1012 funeris
1151 963 1263 1012 atra
1299 960 1434 1012 dies:

291 1040 316 1078 5
343 1029 415 1081 Et
448 1032 539 1081 tua
573 1030 819 1082 transibit
855 1033 1195 1083 contemnens
1232 1048 1354 1083 ossa
1387 1030 1582 1096 viator,

407 1099 520 1152 Nec
557 1099 696 1152 dicet
733 1100 892 1152 ‘einis
929 1100 1015 1152 hio
1052 1100 1208 1153 docta
1242 1100 1416 1169 puella
1450 1099 1587 1151 fuit?

867 1279 956 1337 III
1001 1279 1178 1355 [xm.

339 1378 663 1447 Quicumque
699 1379 788 1432 ille
823 1380 939 1448 fuit,
973 1399 1191 1449 puerum
1225 1382 1314 1450 qui
1349 1381 1522 1450 pinxit
1544 1381 1815 1446 Amorem,

406 1448 598 1501 Nonne
634 1452 787 1518 putas
823 1451 981 1503 miras
1018 1450 1159 1504 1111116
1193 1451 1438 1503 habuisse
1474 1449 1696 1502 manus?

337 1518 441 1570 Hie
475 1519 704 1587 primum
742 1520 873 1572 vidit
908 1521 1020 1573 sine
1058 1539 1214 1573 sensu
1251 1522 1422 1574 vivere
1460 1522 1693 1572 amantes

407 1588 480 1640 Et
515 1590 715 1641 levibus
753 1591 890 1642 curis
926 1609 1120 1660 magna
1154 1592 1323 1660 perire
1360 1591 1515 1643 bona.

292 1669 318 1708 5
344 1658 487 1710 Idem
525 1676 636 1711 non
670 1660 866 1712 frustra
901 1664 1143 1713 ventosas
1180 1661 1382 1713 addidit
1417 1661 1524 1712 alas
1533 1700 1548 1728 ‚

407 1728 554 1781 Fecit
590 1732 644 1781 et
677 1729 907 1783 humano
947 1731 1101 1783 eorde
1139 1732 1315 1783 volare
1352 1731 1530 1799 deum3

340 1797 553 1851 Scilicet
590 1800 792 1851 alterna
828 1801 1075 1869 quoniam
1110 1801 1368 1854 iactamur
1402 1801 1458 1852 in
1492 1800 1658 1863 unda,

407 1868 705 1938 Nostraque
741 1888 851 1922 non
886 1871 1008 1922 ullis
1043 1874 1316 1940 permanet
1351 1889 1476 1923 aura
1510 1871 1664 1923 locis:

339 1937 411 1989 Et
445 1939 632 1990 merito
669 1939 895 1992 hamatis
931 1959 1118 1994 manus
1157 1944 1237 1994 est
1271 1944 1469 1993 armata
1505 1940 1735 2009 sagittis,

261 2019 313 2058 10
406 2008 478 2060 Et
511 2008 758 2077 pharetra
795 2028 858 2062 ex
893 2029 1071 2063 umero
1100 2011 1298 2063 Gnosia
1332 2015 1554 2079 utroque
1589 2010 1747 2079 iacet3

338 2078 479 2130 Ante
516 2079 638 2130 ferit
669 2081 931 2148 quoniam,
967 2081 1070 2132 tuti
1107 2099 1262 2149 quam
1298 2081 1558 2133 cernimus
1593 2079 1817 2146 hostem,

408 2148 460 2200 N
463 2166 520 2200 66
556 2149 832 2217 quisquam
868 2169 931 2202 ex
967 2151 1058 2202 illo
1097 2152 1308 2203 volnere
1345 2169 1503 2203 sanus
1539 2150 1664 2202 abit.

339 2217 403 2268 In
439 2236 522 2270 me
558 2219 664 2270 tela
698 2223 939 2288 manent,
977 2229 1156 2272 manet
1193 2223 1246 2272 et
1280 2220 1497 2290 puerilis
1534 2220 1735 2289 imago:

411 2287 513 2340 Sed
550 2291 689 2341 certe
723 2308 924 2358 pennas
960 2291 1188 2358 perdidit
1224 2291 1313 2342 ille
1351 2309 1492 2359 suas3

262 2369 312 2406 15
337 2357 528 2409 Evolat
550 2357 654 2411 heu
676 2362 859 2412 nostro
886 2361 1133 2428 quoniam
1158 2361 1221 2412 de
1254 2363 1466 2429 pectore
1490 2378 1748 2428 nusquam

408 2427 776 2497 Adsiduusque
812 2447 928 2481 meo
967 2431 1223 2499 sanguine
1259 2431 1397 2482 bella
1431 2430 1582 2499 gerit.

341 2496 441 2558 Qui
476 2497 576 2549 tibi
611 2498 947 2551 iocundumst
984 2500 1135 2552 siccis
1171 2500 1408 2552 habitare
1444 2499 1723 2552 medullis?

410 2567 435 2618 I
470 2586 621 2636 puer,
662 2587 752 2637 en,
792 2570 895 2621 alio
932 2569 1093 2622 traice
1128 2570 1234 2621 tela
1269 2571 1381 2622 tua!

339 2636 572 2689 Intactos
609 2639 711 2690 isto
750 2640 911 2691 satius
947 2642 1204 2708 temptare
1240 2657 1466 2692 veneno:

259 2719 313 2756 20
407 2706 532 2759 Non
568 2725 666 2777 ego
676 2749 691 2775 ‚
730 2709 821 2760 sed
856 2710 1028 2760 tenuis
1064 2710 1278 2777 vapulat
1312 2710 1497 2761 umbra
1531 2727 1662 2761 mea.

342 2776 507 2839 Quam
545 2778 589 2828 si
624 2778 936 2847 perdideriS,
975 2779 1090 2847 quis
1128 2779 1227 2831 erit
1263 2779 1351 2847 qui
1386 2779 1514 2830 talia
1550 2781 1726 2831 cantet

412 2846 579 2915 (Haec
616 2866 732 2900 mea
768 2848 919 2901 Musa
955 2849 1083 2901 levis
1120 2849 1290 2918 gloria
1325 2866 1518 2918 magna
1553 2851 1745 2918 tuast),
