1936 3112
207 137 274 188 62
520 144 532 156 ‘
730 140 1049 186 PROPERTII
1086 141 1262 185 LIBER
1299 141 1378 186 III.
1580 138 1801 198 [XXX11.J

231 286 286 325 70
379 275 574 328 Missus
613 279 666 329 et
701 276 952 345 inpressis
995 275 1192 327 haedus
1230 276 1295 327 ab
1331 269 1594 328 uberibus,

312 345 488 414 Felix,
527 347 617 415 qui
654 347 784 398 viles
820 346 993 415 pomis
1034 346 1284 398 mercaris
1323 347 1548 398 amores!

382 415 523 469 Huic
559 417 684 469 licet
719 418 960 485 ingratae
996 415 1210 495 Tityrus
1246 416 1359 484 ipse
1397 418 1576 467 canat.

313 485 464 538 Felix
499 487 759 539 intactum
797 485 1045 554 Corydon
1086 486 1174 554 qui
1210 488 1436 554 temptat
1469 484 1666 537 Alexin

384 557 666 626 Agricolae
704 556 905 609 domini
943 573 1153 624 carpere
1191 555 1429 608 delicias!

234 636 287 676 75
315 625 563 688 Quamvis
600 627 690 679 ille
727 644 822 679 sua
857 627 1026 678 lassus
1069 626 1361 694 requiescat
1396 644 1584 693 avena,

384 695 653 749 Laudatur
688 696 874 749 faciles
916 696 1055 748 inter
1090 695 1499 764 Hamadryadas.

315 765 395 818 Tu
433 767 577 819 canis
614 767 832 819 Ascraei
867 766 1059 818 veteris
1096 770 1376 835 praecepta
1416 769 1628 834 poetae,

386 835 500 898 Quo
539 855 689 906 seges
726 837 783 889 in
820 854 1031 904 (33111Ρο,
1071 853 1174 904 quo
1212 836 1348 888 viret
1382 854 1486 888 uva
1521 836 1662 905 iugo,

316 906 443 958 Tale
480 907 611 959 facis
649 924 883 974 carmen,
929 907 1083 958 docta
1117 906 1382 958 testudine
1418 905 1572 974 quale

235 986 289 1026 80
384 976 642 1044 Cynthius
678 977 921 1046 inpositis
957 979 1219 1044 temperat
1253 976 1501 1028 articulis,

315 1046 441 1100 Non
476 1050 656 1100 tamen
691 1046 821 1099 haec
857 1047 954 1098 ulli
989 1047 1204 1099 venient
1244 1047 1452 1115 ingrata
1487 1045 1710 1115 legenti,

391 1116 511 1169 Sive
547 1118 603 1169 in
640 1135 818 1169 amore
854 1117 999 1168 rudis
1038 1117 1145 1169 sive
1181 1117 1381 1185 peritus
1419 1116 1532 1168 erit.

315 1186 430 1240 Nec
453 1187 628 1239 minor
652 1186 735 1239 his
762 1187 949 1238 animis
977 1189 1091 1254 aut,
1115 1187 1207 1254 †si
1230 1187 1428 1254 minor,
1466 1203 1556 1238 ore
1581 1202 1804 1239 canorus

386 1257 606 1309 Anseris
643 1257 857 1310 indocto
895 1257 1122 1309 carmine
1160 1257 1318 1309 cessit
1354 1257 1483 1309 olor.

234 1338 288 1377 85
313 1326 461 1379 Haec
499 1345 705 1396 quoque
740 1327 976 1396 perfecto
1013 1327 1228 1379 ludebat
1262 1326 1454 1379 Iasone
1489 1325 1660 1378 Varro
1671 1366 1686 1394 ‚

387 1396 559 1450 Varro
597 1397 887 1450 Leucadiae
923 1398 1151 1449 maxima
1184 1397 1395 1449 flamma
1431 1414 1570 1448 suae.

316 1467 463 1520 Haec
500 1486 706 1547 quoque
742 1467 925 1520 lascivi
962 1470 1242 1520 cantarunt
1285 1467 1483 1536 scripta
1519 1465 1733 1534 Catulli,

385 1537 577 1590 Lesbia
613 1538 729 1606 quis
767 1538 883 1606 ipsa
922 1538 1100 1590 notior
1137 1541 1217 1590 est
1251 1537 1470 1590 Helena.

318 1606 466 1661 Haec
503 1608 663 1660 etiam
700 1608 843 1660 docti
880 1608 1175 1660 confessast
1210 1608 1407 1677 pagina
1445 1606 1617 1675 Calvi,

238 1689 293 1728 90
389 1676 522 1731 Cum
560 1681 772 1730 caneret
806 1678 1026 1730 miserae
1067 1678 1253 1730 funera
1290 1677 1592 1739 Quintiliae.

316 1748 389 1800 Et
424 1748 581 1800 modo
618 1749 850 1801 formosa
887 1766 1043 1816 quam
1084 1749 1250 1800 multa
1283 1747 1539 1816 Lycoride
1577 1746 1764 1801 GaHus

388 1818 630 1871 Mortuus
668 1819 875 1871 inferna
917 1819 1134 1871 vulnera
1170 1817 1300 1870 lavit
1334 1819 1492 1886 aqua!

320 1888 550 1956 Cynthia
586 1889 713 1958 quin
751 1889 907 1941 etiam
945 1907 1099 1941 versu
1136 1888 1345 1940 laudata
1380 1887 1648 1957 Properti,

387 1958 501 2010 Hos
537 1959 676 2011 inter
713 1959 756 2011 si
794 1977 877 2011 me
913 1977 1110 2027 ponere
1146 1958 1310 2011 Fama
1345 1958 1502 2011 volet.
