1936 3112
196 134 267 185 20
823 138 1141 183 PROPERTII
1658 137 1776 197 [XX.

222 284 271 322 15
301 274 442 335 Quae
479 279 635 326 miser
671 274 869 343 ignotis
908 292 1051 326 error
1085 293 1359 343 perpessus
1397 274 1453 325 111
1489 273 1594 325 oris

370 343 612 396 Herculis
650 344 906 396 indomito
943 345 1157 396 fleverat
1192 344 1434 396 Ascanio,

301 413 540 482 Namque
577 415 755 466 ferunt
791 415 916 466 olim
953 413 1186 483 Pagasae
1222 414 1495 466 navalibus
1533 413 1720 482 Argon

369 484 652 553 Egressam
688 484 847 553 longe
883 483 1138 536 Phasidos
1176 485 1278 536 isse
1315 485 1477 551 viam,

299 553 372 605 Et
407 554 512 605 iam
547 554 843 622 praeteritis
880 554 1144 606 labentem
1179 553 1587 606 Athamantidos
1621 553 1776 605 undis

217 634 272 673 20
366 623 637 692 Mysorum
674 624 903 692 scopulis
940 623 1252 692 adplicuisse
1287 627 1470 675 ratem.

299 693 403 746 Hic
439 713 626 747 manus
661 693 905 762 heroum,
944 694 1163 762 placidis
1199 697 1259 746 ut
1295 694 1533 746 constitit
1567 693 1698 761 oris,

369 764 554 816 Mollia
590 765 864 844 conposita
900 764 1081 815 littora
1116 763 1301 816 fronde
1336 764 1484 834 tegit.

299 834 375 885 At
410 852 584 886 comes
621 835 803 886 invicti
837 834 1038 885 iuvenis
1075 837 1404 902 processerat
1438 834 1601 902 ultra,

370 904 561 956 Raram
598 905 815 972 sepositi
853 922 1101 971 quaerere
1138 904 1301 956 fontis
1339 922 1540 973 aquam.

217 984 270 1023 25
296 973 452 1026 Hunc
489 975 590 1026 duo
629 975 813 1026 sectati
847 975 1063 1041 fratreS‚
1105 974 1386 1042 Aquilonia
1420 974 1619 1043 proleS,

368 1044 525 1096 Hunc
561 1062 716 1112 super
754 1048 806 1096 et
843 1043 880 1095 7
886 1047 1018 1111 etes
1056 1043 1196 1095 hunc
1234 1062 1388 1112 super
1424 1047 1478 1096 et
1512 1042 1710 1113 CalaiS,

301 1114 492 1166 Oscula
528 1115 793 1182 suspensis
831 1114 1100 1165 instabant
1137 1131 1347 1182 carpere
1383 1114 1594 1183 palm1S‚

371 1184 563 1236 Oscula
600 1188 652 1236 et
688 1185 892 1236 alterna
925 1184 1063 1235 ferre
1102 1185 1290 1252 supina
1323 1184 1468 1254 fuga.

299 1254 395 1306 Ille
434 1255 529 1306 sub
568 1257 799 1306 extrema
834 1254 1067 1322 pendens
1107 1254 1392 1306 secluditur
1413 1255 1510 1311 ,ala

218 1336 273 1375 30
367 1325 439 1376 Et
473 1325 710 1376 volucres
747 1342 891 1376 ramo
931 1324 1205 1376 submovet
1239 1325 1468 1376 insidias.

299 1394 412 1446 Iam
448 1395 771 1446 Pandioniae
809 1394 968 1447 cessit
1002 1412 1169 1463 genus
1208 1393 1502 1463 Orithyiae:

367 1466 432 1532 A,
471 1465 620 1516 dolor
656 1465 768 1516 ibat
802 1464 985 1533 Hylas,
1021 1465 1133 1516 ibat
1166 1464 1566 1532 Hamadryasin.

298 1534 402 1586 Hic
439 1538 552 1586 erat
586 1534 851 1604 Arganthi
887 1534 1060 1603 Pegae
1098 1534 1194 1586 sub
1229 1535 1424 1587 vertice
1459 1535 1654 1587 montis

370 1605 532 1657 Grata
568 1605 752 1656 domus
789 1604 1051 1673 Nymphis
1086 1604 1264 1656 umida
1300 1604 1614 1673 Thyniasin,

216 1686 271 1725 35
299 1675 465 1737 Quam
502 1694 659 1744 supra
693 1675 869 1727 nullae
904 1674 1205 1743 pendebant
1240 1675 1415 1726 debita
1451 1693 1601 1727 curae

368 1745 597 1797 Roscida
634 1745 851 1797 desertis
887 1762 1044 1813 poma
1081 1745 1176 1796 sub
1214 1745 1484 1796 arboribus
1495 1786 1509 1813 ‚

297 1815 371 1868 Et
407 1816 601 1867 circum
636 1816 846 1884 inriguo
886 1815 1172 1884 surgebant
1207 1815 1316 1866 lilia
1350 1817 1503 1883 prato

370 1885 605 1938 Oandida
639 1885 914 1954 purpureis
950 1884 1116 1936 mixta
1150 1885 1529 1953 papaveribus„

303 1955 445 2017 Quae
482 1955 638 2007 modo
676 1956 960 2023 decerpens
998 1958 1179 2007 tenero
1217 1955 1488 2023 pueriliter
1520 1955 1685 2025 ungui

215 2035 272 2075 40
368 2026 646 2094 Proposito
682 2026 866 2077 florem
901 2025 1151 2093 praetulit
1186 2025 1385 2090 offici0‚

298 2094 370 2147 Et
404 2096 561 2147 modo
598 2095 845 2147 formosis
882 2095 1190 2147 incumbens
1225 2095 1432 2147 nescius
1466 2095 1620 2147 undis

369 2166 617 2218 Errorem
655 2166 860 2217 blandis
896 2165 1070 2217 tardat
1103 2165 1440 2234 imaginibus.

298 2235 533 2287 Tandem
568 2235 775 2287 haurire
811 2237 963 2303 parat
998 2235 1235 2287 demissis
1270 2235 1488 2287 flumina
1521 2235 1711 2303 palmis

369 2306 585 2357 Innixus
624 2306 804 2357 dextro
841 2306 999 2373 plena
1033 2304 1247 2357 trahens
1282 2323 1478 2358 umero.

215 2386 271 2427 45
298 2374 459 2429 Ouius
495 2378 556 2427 ut
594 2393 841 2427 accensae
877 2374 1114 2442 Dryades
1152 2375 1375 2427 candore
1411 2376 1614 2444 puellae

370 2446 590 2497 Miratae
627 2445 811 2497 solitos
849 2445 1129 2496 destituere
1166 2444 1353 2496 choros
1366 2486 1381 2512 ,

298 2516 609 2583 Prolapsum
646 2515 830 2567 leviter
865 2515 1008 2566 facili
1042 2517 1246 2566 traxere
1283 2515 1506 2582 liquore:

368 2585 502 2636 Tum
540 2585 771 2636 sonitum
806 2587 957 2652 rapto
996 2601 1213 2652 corpore
1248 2585 1376 2637 fecit
1409 2585 1590 2653 Hylas,

303 2655 401 2709 Oui
436 2655 620 2723 procul
658 2654 870 2707 Alcides
907 2654 1064 2705 iterat
1097 2657 1395 2723 responset:
1434 2658 1488 2706 at
1521 2656 1602 2707 illi

215 2737 270 2777 50
363 2724 572 2777 Nomen
610 2725 675 2776 ab
713 2724 956 2776 extremis
992 2724 1227 2776 fontibus
1265 2743 1390 2776 aura
1423 2724 1599 2777 refert.

298 2795 422 2861 His,
462 2812 492 2845 o
532 2794 704 2862 Galle,
743 2797 862 2846 tuos
899 2794 1130 2846 monitus
1169 2794 1398 2846 servabis
1435 2812 1662 2863 amoreS,

367 2865 676 2916 Formosum
713 2863 975 2932 Nymphis
1013 2864 1221 2916 credere
1257 2865 1398 2916 visus
1433 2864 1626 2932 Hylan.
