1936 3112
265 141 363 193 106
890 148 1209 194 PROPERTII
1732 151 1847 212 [vi.

367 280 521 334 Solve
558 285 701 335 metu
736 283 977 352 patriam,
1017 302 1147 352 quae
1183 302 1325 338 nunc
1361 287 1413 337 te
1438 285 1642 339 vindice
1677 285 1815 340 freta

434 351 676 420 Inposuit
711 370 897 421 prorae
932 354 1142 422 publica
1180 357 1300 407 vota
1333 358 1468 408 tuae.

365 421 532 482 Quam
568 423 672 474 nisi
709 423 955 475 defendes
965 465 980 491 ,
1018 442 1284 476 murorum
1320 424 1575 478 Romulus
1613 443 1779 496 augur

436 491 518 543 Ire
555 492 820 544 Palatinas
857 511 967 546 non
1002 494 1136 546 bene
1173 494 1304 546 vidit
1339 513 1475 548 aves,

282 571 336 610 45
361 560 447 613 En
483 562 703 614 nimium
740 564 897 615 remis
935 563 1130 616 audent
1163 582 1351 633 prope:
1386 567 1539 634 turpe
1575 565 1778 619 Latinis

433 630 678 700 Principe
714 635 766 684 te
803 633 991 686 fluctus
1027 635 1174 703 regia
1209 635 1324 686 vela
1358 636 1485 703 pati.

365 700 418 754 N
421 719 479 753 ec
514 704 592 768 te,
632 703 770 770 quod
809 704 990 755 classis
1029 704 1263 756 centenis
1299 705 1522 774 remiget
1557 706 1669 774 alis,

436 770 673 824 Terreat:
712 773 878 825 invito
916 773 1109 825 labitur
1143 774 1236 826 illa
1271 775 1427 828 mari:

368 841 621 909 Quodque
646 842 846 894 vehunt
869 861 1055 911 prorae
1082 842 1395 897 Centaurica
1421 863 1544 897 saxa
1569 846 1844 915 minanteS,

283 920 339 960 50
434 910 605 980 Tigna
642 929 766 964 cava
804 916 856 964 et
891 914 1061 981 pictos
1101 914 1365 982 experiere
1400 918 1585 968 metus.

365 980 587 1050 Frangit
623 984 675 1034 et
711 983 907 1034 attollit
943 984 1077 1035 vires
1113 984 1171 1036 in
1205 985 1373 1036 milite
1410 1002 1586 1054 causa3

436 1049 579 1112 Quae
614 1052 719 1103 nisi
755 1053 892 1104 iusta
929 1054 1122 1121 subest,
1161 1055 1361 1106 excutit
1396 1073 1541 1107 arma
1575 1055 1756 1124 pudor.

365 1119 591 1189 Tempus
613 1122 773 1190 adest,
801 1123 1054 1175 conmitte
1072 1126 1235 1176 rates:
1263 1142 1361 1194 ego
1386 1126 1640 1194 temporis
1664 1127 1847 1179 auctor

434 1189 637 1243 Ducam
674 1193 935 1262 laurigera
970 1193 1106 1245 Iulia
1139 1196 1309 1246 rostra
1343 1202 1536 1248 manu?

283 1271 336 1309 55
363 1259 603 1329 Dixerat,
645 1265 698 1314 et
731 1262 1005 1331 pharetrae
1041 1264 1247 1332 pondus
1281 1265 1545 1317 consumit
1578 1266 1636 1317 in
1670 1282 1844 1319 arcus:

434 1330 683 1383 Proxima
717 1335 840 1401 post
876 1351 1025 1386 arcus
1064 1333 1299 1387 Caesaris
1335 1334 1488 1387 hasta
1522 1335 1635 1389 fuit.

366 1399 549 1453 Vincit
582 1401 752 1454 Roma
787 1403 889 1455 fide
926 1403 1148 1456 Phoebi:
1196 1405 1287 1456 dat
1321 1405 1518 1457 femina
1554 1423 1776 1474 poenast

436 1470 652 1539 Sceptra
686 1491 780 1541 per
815 1472 993 1525 Ionias
1029 1474 1196 1526 fracta
1233 1474 1494 1527 vehuntur
1530 1493 1704 1544 aquas,

366 1541 441 1592 At
475 1545 624 1609 pater
659 1541 826 1594 Idalio
864 1544 1083 1595 miratur
1119 1543 1312 1597 Caesar
1348 1545 1413 1597 ab
1450 1548 1618 1598 astro:

284 1621 339 1660 60
435 1610 583 1663 ‘Sum
620 1612 772 1681 deus3
811 1632 877 1665 011
913 1614 1083 1665 nostri
1119 1615 1394 1684 sanguinis
1430 1613 1533 1667 ista
1567 1615 1734 1668 fides?

365 1680 705 1750 Prosequitur
742 1686 898 1735 cantu
933 1683 1143 1752 Triton,
1191 1702 1474 1753 omnesque
1508 1686 1744 1740 marinae

433 1751 748 1804 Plauserunt
785 1753 922 1806 circa
957 1754 1123 1806 libera
1159 1755 1313 1824 signa
1349 1755 1491 1808 deae.

363 1819 464 1873 Illa
499 1822 633 1889 petit
668 1822 851 1875 Nilum
889 1824 1075 1891 cymba
1109 1825 1245 1876 male
1280 1826 1405 1876 nixa
1441 1825 1634 1895 fugaci,

434 1891 551 1943 Hoc
586 1911 764 1960 unum,
803 1893 944 1946 iusso
981 1912 1091 1946 non
1115 1895 1370 1947 moritura
1405 1895 1505 1947 die.

282 1972 336 2011 65
362 1959 431 2013 Di
467 1962 677 2015 melius!
727 1966 952 2031 quantus
998 1965 1185 2016 mulier
1220 1965 1357 2016 foret
1391 1983 1497 2016 una
1531 1965 1842 2035 triumphUS,

433 2031 635 2083 Ductus
674 2035 785 2084 erat
819 2052 913 2101 per
949 2051 1077 2101 quas
1115 2037 1235 2087 ante
1270 2033 1527 2103 Iugurtha
1559 2035 1686 2088 viaS.

364 2102 552 2153 Actius
589 2101 714 2155 hinc
750 2104 911 2155 traxit
946 2103 1189 2157 Phoebus
1238 2105 1590 2174 monimenta,
1635 2105 1774 2174 quod

1261 2192 1370 2227 ems

432 2241 552 2294 Vna
590 2242 769 2295 decem
805 2243 932 2296 vicit
966 2244 1128 2296 missa
1165 2245 1359 2314 sagitta
1392 2247 1547 2298 rates,

363 2312 513 2364 Bella
550 2313 676 2365 satis
715 2313 905 2365 cecini:
946 2313 1197 2366 citharam
1233 2315 1337 2367 iam
1373 2316 1546 2384 poscit
1577 2315 1772 2384 Apollo

283 2393 336 2432 70
431 2381 616 2435 Victor
653 2386 706 2435 et
742 2383 807 2435 ad
843 2384 1075 2451 placidos
1113 2385 1256 2436 exuit
1291 2403 1437 2436 arma
1473 2385 1677 2438 choros,

364 2450 602 2505 Candida
636 2471 777 2505 nunc
813 2454 962 2505 molli
999 2454 1221 2506 subeant
1257 2456 1498 2507 convivia
1533 2455 1651 2507 luco

431 2522 851 2591 Blanditiaeque3
889 2524 1055 2576 fluant
1089 2542 1182 2592 per
1216 2542 1333 2577 mea
1367 2525 1503 2577 colla
1535 2543 1702 2595 rosae,

361 2591 604 2660 Vinaque
640 2593 927 2645 fundantur
963 2595 1153 2661 praelis
1191 2595 1320 2646 elisa
1355 2594 1608 2662 FalerniS‚

432 2662 633 2730 Terque
670 2663 810 2715 lavet
844 2666 1052 2715 nostras
1090 2664 1235 2732 spica
1272 2663 1462 2718 Cilissa
1500 2682 1691 2720 comas·

280 2742 332 2781 75
358 2731 639 2800 Ingenium
673 2734 814 2802 potis
852 2733 1032 2785 inritet
1066 2733 1218 2785 Musa
1252 2735 1448 2802 poetis:

430 2801 652 2869 Bacche,
691 2803 827 2855 soles
852 2802 1067 2855 Phoebo
1104 2804 1294 2856 fertilis
1332 2822 1444 2856 esse
1479 2807 1586 2857 tu0.

359 2871 456 2923 Ille
492 2873 772 2940 paludosos
810 2876 1064 2925 memoret
1099 2874 1290 2927 servire
1329 2873 1666 2946 &cambi-oe,
