1936 3112
232 126 303 181 50
857 131 1175 176 PROPERTH
1705 133 1806 191 [xx

408 265 630 318 Vidistis
668 266 895 336 fuscam,
935 267 1079 319 ducit
1114 269 1330 335 uterque
1368 267 1535 320 color:

337 335 561 390 Vidistis
599 336 861 405 quandam
899 337 1099 406 Argiva
1133 337 1342 406 prodire
1378 338 1570 407 figura,

408 405 631 458 Vidistis
667 409 900 474 nostras,
938 409 1156 475 utraque
1192 407 1363 459 forma
1397 408 1558 476 rapit:

257 486 312 527 45
337 475 538 544 Illaque
573 476 780 544 plebeio
819 477 902 530 vel
939 477 1009 528 sit
1045 477 1287 545 sandycis
1324 477 1518 530 amictu
1527 518 1542 545 ,

409 545 555 598 Haec
592 549 747 614 atque
783 547 876 599 illa
910 546 1036 599 mali
1071 547 1302 599 vulneris
1338 565 1446 599 una
1479 547 1638 616 viast3

341 614 475 670 Cum
511 616 639 668 satis
675 635 781 668 una
814 617 919 669 tuis
955 617 1221 669 insomnia
1255 620 1432 685 portet
1467 618 1647 670 ocellis
1657 659 1672 687 ,

408 685 528 739 Vna
564 686 635 739 sit
673 689 725 738 et
762 687 924 739 cuivis
961 687 1159 740 femina
1194 687 1360 739 multa
1395 688 1550 741 mala.

802 866 945 925 XXI
989 866 1249 943 [xxm.

338 965 464 1019 Vidi
499 969 552 1019 te
589 967 647 1019 in
684 968 884 1020 somnis
921 968 1111 1035 fracta,
1149 986 1266 1020 mea
1302 968 1431 1036 vita,
1471 968 1649 1021 carina

407 1037 558 1089 Ionio
596 1038 761 1090 lassas
799 1037 985 1090 ducere
1021 1055 1138 1090 rore
1175 1056 1361 1090 manus
1370 1079 1384 1106 ,

337 1106 410 1159 Et
446 1125 800 1176 quaecumque
836 1108 894 1159 in
929 1126 1013 1159 me
1049 1108 1223 1159 fueras
1259 1108 1481 1160 mentita
1514 1108 1692 1175 fateri,

407 1176 522 1230 Nec
558 1177 663 1230 iam
699 1195 880 1230 umore
918 1195 1105 1247 graves
1142 1178 1328 1230 tollere
1365 1195 1519 1246 posse
1557 1195 1756 1246 comas,

293 1257 319 1297 5
347 1247 565 1308 Qualem
601 1248 876 1316 purpureis
915 1248 1172 1317 agitatam
1207 1247 1454 1300 fluctibus
1491 1247 1706 1316 Hellen,

409 1318 586 1370 Aurea
623 1336 780 1386 quam
816 1318 964 1370 molli
1001 1321 1209 1387 tergore
1245 1318 1388 1370 vexit
1423 1317 1552 1370 oviS.

340 1386 506 1449 Quam
531 1388 707 1456 timui,
734 1407 801 1440 ne
826 1389 963 1441 forte
987 1390 1135 1440 tuum
1161 1406 1303 1440 mare
1327 1405 1524 1440 nomen
1545 1387 1785 1456 haberet,

406 1458 582 1526 Atque
619 1461 711 1511 tua
746 1459 928 1511 labens
963 1458 1141 1510 navita
1175 1457 1325 1509 fleret
1359 1459 1516 1526 aqua!

338 1526 480 1590 Quae
513 1530 627 1580 tum
656 1546 754 1598 ego
781 1528 834 1582 N
838 1530 1059 1597 eptun0‚
1095 1545 1226 1596 quae
1236 1530 1515 1649 fturn-cum
1547 1527 1764 1582 Castore

1259 1616 1317 1649 ra
1341 1616 1412 1666 r1‚

260 1679 312 1718 10
408 1667 652 1737 Quaeque
689 1669 787 1721 tibi
827 1669 1007 1737 excepi
1042 1670 1179 1737 tum,
1224 1668 1320 1720 dea
1355 1667 1675 1720 Leucothoe!

260 1749 311 1788 13
339 1736 490 1800 Quod
527 1739 571 1790 si
608 1739 745 1791 forte
780 1741 900 1790 tuos
937 1738 1156 1790 vidisset
1193 1737 1420 1790 Glaucus
1459 1738 1679 1806 oceIIOS,

406 1808 566 1861 Esses
602 1808 741 1861 Ionii
776 1809 916 1861 facta
950 1809 1126 1877 puella
1161 1809 1321 1860 maris
1331 1849 1346 1876 ,

259 1889 309 1928 15
335 1878 409 1930 Et
443 1878 541 1931 tibi
579 1879 647 1931 ob
682 1879 935 1931 invidiam
970 1878 1222 1931 Nereides
1258 1877 1655 1946 increpitarent,

409 1947 644 2001 Candida
679 1949 907 2017 Nesaee,
947 1949 1152 2000 caerula
1189 1947 1498 2016 Cymothoe.

338 2018 440 2071 Sed
476 2019 574 2071 tibi
612 2019 845 2071 subsidio
885 2018 1190 2087 delphinum
1228 2036 1432 2070 currere
1467 2018 1600 2085 vidi,

408 2088 533 2157 Qui,
571 2092 724 2157 puto,
761 2089 1037 2141 Arioniam
1072 2091 1283 2140 vexerat
1318 2091 1441 2140 ante
1477 2088 1661 2156 lyram.

259 2170 308 2208 11
337 2158 412 2211 At
445 2161 504 2210 tu
512 2200 527 2226 ‚
567 2159 655 2211 vix
689 2159 887 2228 primas
925 2158 1181 2210 extollens
1218 2158 1428 2227 gurgite
1465 2158 1687 2227 palmaS,

258 2238 308 2278 12
406 2227 571 2297 Saepe
607 2247 783 2281 meum
818 2246 1015 2281 nomen
1049 2228 1155 2279 iam
1189 2228 1422 2296 peritura
1457 2245 1630 2280 vocaS.

260 2310 309 2348 19
335 2298 552 2367 Iamque
590 2317 688 2368 ego
729 2299 956 2351 conabar
992 2316 1194 2350 summo
1232 2316 1315 2350 me
1351 2297 1561 2349 mittere
1599 2316 1723 2350 saxo
1730 2338 1748 2367 ,

256 2380 311 2419 20
406 2367 540 2421 Cum
576 2368 707 2420 mihi
745 2369 991 2421 discussit
1025 2368 1153 2419 talia
1190 2368 1301 2420 visa
1336 2370 1522 2420 metus.

931 2546 1119 2605 XXII.

336 2649 492 2702 Nunc
518 2649 838 2700 admirentur
863 2648 1005 2715 quod
1029 2650 1141 2698 tam
1166 2646 1295 2698 mihi
1320 2646 1539 2714 pulchra
1562 2647 1735 2714 puella

408 2720 611 2771 Serviat
648 2720 700 2770 et
735 2720 847 2770 tota
884 2718 1026 2770 dicar
1061 2718 1118 2768 in
1154 2717 1281 2768 urbe
1319 2718 1522 2784 potens

335 2789 483 2853 Non,
522 2790 567 2840 si
603 2789 708 2840 iam
746 2787 928 2856 Gygae
963 2786 1179 2839 redeant
1215 2789 1268 2838 et
1302 2786 1518 2838 flumina
1555 2785 1760 2853 Croesi,

407 2858 564 2915 Dicat
602 2858 694 2916 ‘de
730 2861 911 2915 nostro
950 2875 1131 2926 surge,
1167 2859 1348 2926 poeta,
1386 2859 1543 2911 tor0.’
