1936 3112
188 146 259 197 44
831 157 1149 201 PROPERTH
1637 157 1776 216 [xm-

296 286 527 355 Septima
564 289 669 341 iam
707 291 894 357 plenae
933 291 1205 344 deducitur
1242 293 1412 345 orbita
1448 294 1626 360 lunae,

364 356 495 409 Cum
535 359 597 410 de
634 378 717 411 me
756 363 808 411 et
845 361 907 411 de
945 365 996 412 te
1037 363 1265 430 compita
1300 363 1445 415 nulla
1481 366 1681 415 tacent:

293 426 503 479 Interea
538 429 693 480 nobis
730 449 839 480 non
876 449 1159 498 numquam
1198 432 1352 484 ianua
1387 433 1562 484 mollis
1571 473 1586 500 ,

362 497 487 548 Non
522 517 806 566 numquam
842 501 965 551 lecti
1003 502 1155 569 copia
1191 502 1330 554 facta
1365 503 1456 554 tui.

213 577 265 615 ‘25
292 565 342 618 N
346 585 404 618 66
439 568 569 618 mihi
606 570 906 621 muneribus
941 588 1047 621 nox
1084 571 1244 623 ullast
1280 576 1454 640 empta
1488 573 1680 624 beatis:

370 635 632 705 Quidquid
671 657 839 706 eram,
879 639 979 691 hoo
1017 641 1179 692 animi
1214 643 1385 710 gratia
1418 660 1611 711 magna
1645 643 1739 695 tui.

296 704 428 757 Cum
464 710 517 759 te
553 710 661 759 tam
698 709 849 761 multi
887 713 1153 778 peterent,
1193 715 1251 762 tu
1286 730 1369 764 me
1405 730 1511 763 una
1544 712 1750 780 petisti:

365 775 588 828 Possum
626 796 723 847 ego
760 782 976 831 naturae
1012 798 1122 831 non
1157 781 1458 833 meminisse
1494 781 1650 832 tuae?

293 845 428 897 Tum
465 865 547 899 me
584 849 668 899 vel
704 849 935 916 tragicae
974 851 1169 902 vexetis
1207 851 1429 919 Erinyes
1467 854 1520 902 et
1555 868 1638 903 me

212 926 266 963 30
360 915 574 969 Inferno
614 917 827 970 damnes
839 960 853 987 ,
891 921 1088 987 Aeaee,
1127 921 1344 989 iudicio,

293 986 467 1053 Atque
503 987 641 1039 inter
677 988 819 1056 Tityi
854 990 1090 1041 volucres
1126 1009 1242 1042 mea
1277 1009 1447 1059 poena
1485 993 1729 1059 vagetur,

363 1055 599 1124 Tumque
637 1076 734 1126 ego
775 1058 1019 1127 Sisyphio
1058 1077 1181 1111 saxa
1217 1061 1394 1112 labore
1430 1078 1624 1130 geram.

293 1125 406 1178 Nec
443 1129 501 1177 tu
539 1128 863 1195 supplicibus
901 1148 984 1181 me
1022 1129 1093 1181 sis
1130 1134 1378 1182 venerata
1412 1130 1645 1182 tabellis:

366 1195 567 1248 Vltima
601 1198 722 1249 talis
762 1199 883 1266 erit,
922 1217 1053 1267 quae
1090 1219 1207 1252 mea
1241 1201 1411 1269 prima
1445 1199 1589 1252 fides.

212 1275 264 1313 35
290 1264 408 1317 Hoc
445 1266 576 1318 mihi
610 1271 864 1336 perpetuo
902 1269 982 1320 ius
1021 1272 1122 1337 est,
1163 1270 1301 1338 quod
1338 1270 1479 1322 solus
1517 1271 1717 1321 amator

361 1335 474 1388 Nec
513 1337 617 1388 cito
656 1337 850 1390 desisto
887 1357 985 1391 1166
1021 1342 1215 1392 temere
1252 1340 1464 1408 incipio,

766 1517 939 1575 XIIII
986 1518 1190 1594 [XXIJ.

292 1616 341 1667 A
415 1620 633 1669 uantum
672 1618 734 1670 de
770 1637 854 1670 me
891 1619 1085 1671 Panthi
1120 1620 1219 1671 tibi
1252 1620 1447 1689 pagina
1482 1621 1657 1688 finxit,

408 1691 588 1740 antum
624 1689 703 1740 illi
739 1688 946 1740 Pantho
983 1708 1050 1741 ne
1089 1690 1158 1741 sit
1193 1690 1359 1742 amica
1394 1690 1596 1743 Venus!

295 1756 398 1808 Sed
434 1758 532 1809 tibi
569 1758 671 1809 iam
709 1758 889 1810 videor
924 1758 1149 1811 Dodona
1183 1760 1354 1811 verior
1388 1760 1588 1829 augur?

360 1826 591 1879 onrem
628 1829 717 1879 ille
754 1831 873 1880 tuus
910 1829 1128 1896 pulcher
1165 1832 1366 1881 amator
1401 1829 1574 1881 habet.

244 1908 268 1944 5
298 1896 401 1948 Tot
435 1901 618 1949 noctes
654 1899 880 1966 periere:
917 1898 1051 1950 nihil
1087 1899 1283 1967 pudet?
1322 1900 1520 1967 aspice,
1559 1901 1738 1951 cantat

359 1966 538 2020 Liber:
581 1971 641 2019 tu
676 1968 897 2019 nimium
935 1969 1145 2020 credula
1181 1970 1293 2021 sola
1328 1970 1480 2021 iaces,

291 2036 362 2087 Et
396 2055 537 2089 nunc
572 2038 709 2089 inter
746 2056 835 2090 eos
872 2041 930 2089 tu
967 2038 1194 2106 sermo'S‚
1232 2042 1284 2090 te
1321 2039 1410 2090 ille
1447 2039 1698 2107 superbus

358 2105 503 2158 Dicit
539 2125 593 2159 se
631 2108 796 2159 invito
834 2126 989 2176 saepe
1024 2109 1186 2160 fuisse
1223 2109 1381 2161 domi.

290 2175 622 2244 Dispeream,
664 2178 708 2229 si
744 2175 1020 2246 quicquam
1057 2179 1197 2230 aliud
1222 2197 1378 2247 quam
1447 2178 1579 2230 loria
1617 2177 1679 2229 de
1719 2181 1768 2231 te

211 2257 261 2294 10
357 2246 657 2307 Quaeritur:
694 2247 789 2299 has
826 2248 1004 2300 laudes
1041 2248 1130 2300 ille
1165 2249 1383 2300 maritus
1457 2249 1592 2300 abet.

293 2314 546 2368 Colchida
583 2317 658 2368 sic
694 2316 887 2386 hospes
925 2318 1188 2386 quondam
1226 2318 1431 2387 decepit
1465 2317 1646 2371 Iason:

357 2385 570 2438 Eiectae
606 2387 778 2439 tenuit
812 2405 1040 2455 namque
1078 2386 1273 2441 Creusa
1308 2388 1534 2440 domum.

290 2454 376 2507 Sic
413 2474 443 2507 a
479 2455 725 2509 Dulichio
763 2457 1002 2509 iuvenest
1037 2457 1182 2510 elusa
1219 2456 1468 2526 Calypso:

359 2524 508 2577 Vidit
543 2530 830 2579 amatorem
866 2527 1095 2595 pandere
1131 2528 1247 2580 vela
1282 2546 1449 2580 suum.

212 2607 258 2643 15
287 2595 334 2645 A
371 2595 593 2648 nimium
629 2597 808 2648 faciles
845 2615 1022 2649 aurem
1057 2597 1305 2665 praebere
1340 2597 1567 2665 puellae,

358 2663 559 2717 Discite
598 2665 832 2718 desertae
869 2684 980 2718 non
1014 2669 1210 2718 temere
1247 2685 1360 2719 esse
1396 2667 1578 2719 bonae.

288 2733 428 2786 Hinc
473 2752 677 2803 quoque
714 2736 803 2804 qui
847 2736 1045 2788 restat?
1094 2736 1199 2788 iam
1249 2736 1451 2805 pridem
1502 2737 1765 2804 quaeritur

1186 2807 1339 2859 alter:

358 2874 590 2942 Experta
625 2875 681 2926 in
715 2876 887 2944 primo
897 2916 912 2944 ,
952 2876 1133 2945 stulta,
1173 2894 1353 2929 cavere
1388 2879 1555 2943 potes,
