1936 3112
113 133 212 194 XL]
753 132 932 176 mssa
968 131 1070 176 1111.
1651 123 1715 176 77

183 249 461 323 Femineas
495 267 676 321 timuit
711 267 897 320 territa
933 266 1106 319 Marte
1143 266 1330 319 minaS.

113 339 430 394 Hannibalis
471 339 640 408 spolia
678 341 732 391 et
766 337 894 391 victi
931 337 1260 390 monimenta
1297 335 1553 406 Syphacis

182 409 257 464 Et
288 408 482 479 Pyrrhi
517 408 583 462 ad
619 410 833 510 nostros
869 407 1041 478 gloria
1075 408 1244 509 {acta
1278 407 1439 476 pedes
1665 417 1720 457 60

114 550 328 606 Curtius
365 549 588 619 expletis
626 549 812 602 statuit
846 517 1174 601 mgnimenta
1211 547 1439 617 lacunis,

182 622 260 674 At
293 619 489 674 Decius
525 620 689 673 misso
727 619 930 688 proelia
968 619 1114 687 rupit
1150 636 1310 687 equo,

115 690 335 746 Coclitis
371 690 633 744 abscissos
669 692 897 742 testatur
940 689 1129 742 semita
1163 691 1379 758 ponteS,

183 761 285 815 Est
319 761 404 814 cui
441 778 741 830 cognomen
780 777 965 813 corvus
1002 758 1197 812 habere
1234 758 1392 812 dedit.

115 831 260 885 Haec
297 831 352 885 di
389 831 764 899 condiderunt,
802 829 932 882 haec
970 829 1024 882 di
1050 847 1256 898 quoque
1292 828 1506 882 moenia
1543 847 1647 882 ser-

1124 903 1276 952 vante
1664 909 1717 949 65

182 971 290 1027 Vix
323 972 512 1025 timeat
547 971 691 1024 salvo
731 970 955 1026 Caesare
991 970 1162 1023 Roma
1197 970 1392 1023 Iovem.

113 1043 271 1098 Nunc
305 1043 398 1096 ubi
435 1042 707 1111 Scipiadae
744 1042 939 1097 classes
948 1081 965 1110 ,
1001 1042 1094 1094 ubi
1131 1041 1285 1110 signa
1321 1040 1559 1109 Camilli,

185 1114 297 1167 Aut
330 1113 489 1166 modo
526 1112 781 1182 Pompeia
816 1111 1056 1181 Bospore
1095 1116 1250 1181 capta
1284 1111 1481 1164 manu?

113 1183 406 1238 Leucadius
441 1201 620 1237 versas
657 1183 795 1236 acies
831 1182 1148 1235 memorabit
1182 1182 1397 1251 Apollo,

184 1253 415 1335 Tantum
450 1271 519 1323 op
523 1254 624 1307 eris
661 1253 789 1307 belli
826 1253 1042 1306 sustulit
1075 1271 1182 1305 una
1219 1253 1345 1305 dies.
1664 1262 1719 1302 70

113 1325 190 1380 At
222 1327 307 1393 tu,
345 1324 454 1378 sive
489 1326 638 1394 petes
674 1326 858 1404 portus
897 1342 1016 1392 sen,
1053 1323 1258 1392 navita,
1296 1323 1503 1391 linques
1513 1363 1528 1392 ,

185 1365 425 1450 Caesaris
461 1395 520 1448 in
553 1397 669 1460 toto
706 1395 779 1447 sis
815 1412 1020 1447 memor
1056 1393 1228 1447 IoniO.

762 1573 848 1632 XI
895 1569 1077 1656 [xm.

114 1677 390 1746 Postume,
427 1675 727 1746 plorantem
763 1676 986 1744 potuisti
1023 1676 1260 1745 linquere
1300 1675 1530 1745 Gallam,

183 1747 338 1800 Miles
376 1750 430 1800 et
464 1746 695 1816 Augusti
731 1747 894 1799 fortia
932 1747 1084 1816 signa
1122 1747 1306 1815 sequi?

113 1818 340 1871 Tantine
375 1817 486 1870 ulla
519 1817 622 1870 fuit
658 1817 874 1886 spoliati
909 1817 1082 1886 gloria
1117 1817 1327 1884 Parthi,

183 1888 267 1942 Ne
303 1889 504 1941 faceres
543 1886 700 1941 Galla
735 1888 901 1940 multa
938 1890 1162 1957 rogante
1197 1888 1326 1940 tua?

114 1958 170 2013 Si
204 1959 286 2012 fas
322 1961 425 2027 est,
463 1976 646 2038 omnes
682 1958 879 2027 pariter
915 1959 1142 2026 pereatis
1180 1959 1347 2026 avari,
1690 1967 1716 2008 5

182 2029 255 2083 Et
290 2029 527 2098 quisquis
563 2029 669 2081 fido
707 2029 958 2097 praetulit
994 2047 1140 2081 arma
1173 2031 1315 2081 toro!

114 2099 195 2152 Tu
230 2102 411 2153 tamen
445 2099 641 2152 iniecta
676 2101 870 2167 tectUS,
908 2117 1126 2167 vesane,
1166 2099 1379 2152 lacerna

181 2169 400 2224 Potabis
436 2170 590 2239 galea
626 2169 796 2222 fessus
832 2170 1024 2222 Araxis
1062 2188 1265 2238 aquam.

114 2240 217 2294 Illa
253 2240 465 2309 quidem
500 2241 702 2292 interea
737 2240 880 2292 fama
914 2240 1151 2293 tabescet
1186 2241 1359 2309 inani,

183 2310 330 2364 Haec
364 2313 457 2363 tua
491 2327 559 2362 ne
596 2310 764 2363 virtus
800 2311 894 2363 fiat
930 2329 1108 2363 amara
1144 2311 1717 2378 tibi,10

113 2380 260 2434 Neve
295 2383 388 2434 tua
420 2379 607 2433 Medae
643 2381 905 2434 laetentur
942 2381 1100 2434 caede
1137 2383 1389 2451 sagittae,

183 2451 403 2504 Ferreus
440 2453 621 2504 aurato
659 2469 764 2504 neu
801 2451 1167 2520 cataphractus
1206 2469 1366 2532 equ0,

114 2521 261 2575 Neve
297 2521 369 2574 ali
405 2520 497 2573 uid
534 2521 598 2575 de
634 2523 687 2574 te
722 2521 956 2575 flendum
992 2522 1250 2574 referatur
1285 2523 1343 2574 in
1379 2541 1535 2575 urna:

185 2591 272 2645 Sic
306 2609 363 2651 re
402 2593 554 2661 eunt,
590 2591 697 2644 illis
735 2593 826 2661 qui
864 2592 1096 2645 cecidere
1133 2593 1280 2645 locis

113 2662 217 2715 Ter
253 2664 436 2731 quater
471 2662 529 2714 in
565 2665 710 2715 casta
743 2663 874 2715 felix
911 2680 941 2715 o
979 2663 1230 2715 Postume
1269 2662 1445 2733 Galla,
1662 2674 1715 2713 15

183 2732 423 2785 Moribus
459 2731 543 2785 his
581 2733 685 2785 alia
723 2733 948 2813 coniuge
986 2732 1179 2803 dignus
1217 2751 1349 2786 eraS.

115 2802 253 2865 Quid
287 2802 448 2856 faciet
481 2802 627 2855 nullo
663 2804 867 2856 munita
903 2804 1079 2873 puella
1114 2804 1329 2872 timore,

185 2871 319 2927 Cum
356 2873 428 2927 sit
461 2873 694 2927 luxuriae
732 2873 903 2927 Roma
937 2874 1194 2945 magistra
1230 2873 1393 2928 suae?
