1936 3112
236 149 306 201 94
873 155 1191 200 PROPERTH
1769 152 1826 215 [1.

411 289 488 343 Mi
523 290 651 343 folia
686 309 751 343 ex
785 290 977 343 hedera
1011 290 1238 360 porrige,
1277 289 1499 356 Bacche,
1535 290 1650 356 tua,

340 359 415 413 Vt
450 361 643 413 nostris
679 362 966 413 tumefacta
1003 361 1270 429 superbiat
1306 359 1528 413 Vmbria
1564 357 1730 423 libris,

413 430 633 483 Vmbria
670 430 897 483 Romani
933 431 1103 500 patria
1140 429 1464 483 Callimachi.

259 511 312 550 65
342 500 664 553 Scandentes
704 501 937 570 quisquis
976 503 1155 553 cernet
1191 501 1255 553 de
1291 500 1516 553 vallibus
1553 516 1716 568 areca,

411 570 633 639 Ingenio
671 589 849 623 muros
887 571 1129 623 aestimet
1162 570 1252 622 ille
1288 588 1419 623 meo.

339 640 523 709 Roma,
560 641 701 705 fave,
739 641 837 692 tibi
874 641 1044 710 surgit
1079 658 1210 709 opus
1221 681 1235 708 ,
1274 641 1391 693 date
1429 638 1823 692 candida'cives

412 710 618 778 Omina,
657 713 710 762 et
745 711 969 779 inceptis
996 711 1209 763 dextera
1234 713 1410 763 cantet
1445 710 1571 762 avis,

341 780 502 833 Sacra
527 780 739 848 diesque
759 799 945 833 canam
972 784 1026 833 et
1044 781 1358 850 cognomina
1372 781 1544 849 prisca
1561 780 1820 832 locorum:

258 860 312 901 70
408 850 520 902 Has
557 868 704 903 meus
742 851 807 903 ad
843 854 1009 903 metas
1047 852 1198 904 sudet
1218 853 1441 952 *oportet
1477 867 1656 918 equus,

812 921 841 952 3

1015 961 1044 991 ξε

339 989 472 1053 ‘Quo
508 992 617 1044 ruis
654 991 957 1060 inprudens,
995 1009 1146 1061 vage,
1185 990 1355 1044 dicere
1390 991 1514 1059 fata,
1539 988 1820 1059 Properti?

406 1061 530 1114 Non
567 1065 691 1114 sunt
727 1080 772 1127 3,
813 1061 994 1114 dextro
1032 1061 1243 1114 condita
1277 1061 1368 1113 fila
1403 1062 1535 1114 colo.

338 1131 553 1184 Aversis
590 1134 624 1199 †
660 1132 890 1184 lacrimis
928 1135 1108 1184 cantas
1118 1173 1132 1200 ‚
1172 1150 1383 1184 aversus
1419 1131 1639 1200 Apollo:

407 1201 587 1254 Poscis
625 1202 690 1254 ab
726 1202 895 1254 invita
930 1203 1089 1254 verba
1125 1201 1355 1271 pigenda
1390 1201 1517 1269 lyra.

257 1281 309 1322 75
337 1270 495 1324 Certa
529 1272 695 1324 feram
732 1273 888 1324 certis
927 1272 1252 1325 auctoribus:
1290 1270 1420 1323 haut
1455 1289 1553 1342 ego
1589 1272 1736 1324 vates

407 1341 629 1394 Nescius
666 1345 842 1394 aerata
877 1342 1030 1412 signa
1065 1359 1275 1394 movere
1311 1341 1435 1410 pila.

337 1410 425 1464 Me
462 1415 605 1464 creat
636 1412 902 1481 Archytae
939 1413 1144 1465 soboles
1181 1411 1505 1480 Babylonius
1541 1410 1753 1479 Horops

407 1481 610 1551 Horon,
648 1485 701 1535 et
737 1501 768 1535 a
801 1500 1000 1551 proavo
1047 1483 1204 1534 ducta
1241 1481 1458 1535 Conone
1494 1481 1694 1534 domus,

337 1550 407 1603 Di
443 1551 575 1604 mihi
611 1555 735 1604 sunt
769 1555 932 1605 testes
968 1570 1079 1605 non
1113 1552 1456 1621 degenerasse
1480 1552 1821 1620 propinquOS,

254 1632 311 1672 80
409 1621 577 1691 Inque
614 1623 745 1675 meis
783 1623 932 1675 libris
969 1623 1048 1675 nil
1083 1623 1230 1692 prius
1270 1640 1383 1674 esse
1419 1622 1535 1675 fide.

339 1691 496 1744 Nunc
532 1693 760 1760 pretium
796 1693 966 1745 fecere
1004 1693 1129 1745 deos
1167 1695 1219 1744 et
1263 1691 1465 1744 fallitur
1500 1709 1627 1744 auro

407 1761 670 1831 Iuppiter,
708 1763 950 1831 obliquae
988 1763 1142 1832 signa
1176 1763 1366 1814 iterata
1401 1765 1562 1814 rotae.

337 1831 642 1901 Felicesque
678 1831 819 1885 Iovis
856 1833 1036 1885 stellas
1073 1832 1362 1900 Martisque
1396 1832 1600 1900 rapacis

407 1902 481 1954 Et
514 1921 675 1972 grave
712 1901 927 1955 Saturni
964 1903 1107 1954 sidus
1143 1903 1200 1954 in
1237 1919 1393 1954 omne
1431 1904 1615 1971 caput,

257 1983 311 2022 85
339 1971 478 2034 Quid
514 1975 765 2025 moveant
800 1972 977 2025 Pisces
1015 1973 1353 2040 animosaque
1390 1972 1545 2041 signa
1578 1971 1786 2039 LeoniS‚

257 2053 311 2091 86
409 2041 573 2094 Lotus
612 2045 665 2094 et
699 2042 959 2111 Hesperia
995 2042 1120 2111 quid
1157 2041 1508 2110 Capricornus
1546 2059 1693 2110 aqua,

258 2123 311 2161 89
338 2110 467 2163 Dixi
504 2130 620 2181 eg0,
652 2130 769 2164 cum
806 2113 1048 2181 geminos
1085 2111 1396 2180 produceret
1424 2111 1581 2164 Arria
1615 2114 1766 2163 natos

257 2193 312 2231 90
409 2181 534 2250 (Illa
559 2182 715 2234 dabat
738 2183 877 2234 natis
914 2201 1059 2234 arma
1082 2185 1295 2234 vetante
1342 2182 1490 2252 deo):

341 2251 467 2304 Non
504 2269 660 2319 posse
697 2252 762 2303 ad
798 2253 997 2320 patrios
1036 2270 1128 2304 sua
1163 2252 1273 2320 pila
1307 2251 1502 2303 referre
1538 2250 1788 2303 Penates:

409 2321 614 2390 Nempe
650 2340 820 2374 meam
856 2322 1069 2374 firmant
1102 2339 1244 2374 nunc
1280 2321 1382 2372 duo
1425 2321 1580 2373 busta
1614 2321 1787 2372 fidem.

341 2390 545 2459 Quippe
580 2390 870 2460 LupercuS‚
920 2392 1040 2460 equi
1076 2392 1199 2443 dum
1236 2391 1413 2443 saucia
1446 2391 1679 2459 protegit
1714 2408 1821 2458 ora,

410 2460 531 2512 Heu
568 2461 670 2513 sibi
704 2462 950 2530 prolapso
986 2479 1096 2513 non
1132 2461 1267 2513 bene
1305 2461 1445 2512 cavit
1481 2477 1642 2528 equo:

259 2541 311 2580 95
341 2530 523 2583 Gallus
561 2534 631 2598 at,
669 2532 727 2582 in
764 2532 948 2583 castris
986 2532 1108 2582 dum
1135 2530 1332 2583 credita
1367 2530 1520 2599 signa
1554 2532 1744 2598 tuetur,

413 2599 656 2653 Concidit
691 2604 811 2653 ante
849 2601 1051 2669 aquilae
1097 2603 1269 2652 rostra
1305 2603 1520 2652 cruenta
1555 2617 1695 2652 suae.

341 2669 549 2722 Fatales
585 2672 759 2739 pueri,
799 2671 900 2722 duo
936 2671 1121 2722 funera
1155 2670 1338 2722 matris
1375 2687 1574 2737 avarae,

410 2739 573 2805 Vera,
614 2740 705 2792 sed
741 2741 931 2800 invit0‚
971 2740 1197 2808 contigit
1231 2740 1334 2791 ista
1367 2739 1513 2791 fides,

341 2809 487 2861 Idem
525 2827 623 2878 ego
638 2851 653 2877 ,
701 2828 819 2861 011111
857 2809 1078 2862 Cinarae
1115 2809 1349 2861 traheret
1385 2809 1585 2861 Lucina
1622 2809 1825 2862 dolores

240 2891 320 2929 100
415 2879 488 2932 Et
524 2880 760 2934 facerent
796 2880 932 2932 uteri
966 2879 1201 2950 pondera
1237 2879 1382 2933 lenta
1417 2896 1649 2948 moram,
