1936 3112
115 125 257 186 V111.]
755 127 933 172 LIBER
970 128 1071 172 1111.
1651 120 1716 173 73

114 261 159 314 T
261 264 364 331 cst,
391 262 528 332 quod
553 281 809 332 nequeaS‚
838 264 998 332 capiti
1024 263 1335 316 conmittere
1361 262 1568 332 pondus
1690 273 1716 310 5

232 335 258 386 t
290 351 531 402 pressum
566 334 760 386 inflexo
798 352 922 386 mox
959 334 1081 386 dare
1119 337 1270 403 terga
1309 351 1466 402 genu.

115 403 308 456 Omnia
341 421 454 456 non
488 404 686 474 pariter
723 423 900 456 rerum
938 408 1062 457 sunt
1099 405 1343 456 omnibus
1382 407 1530 471 apta,

182 473 348 527 Fama
381 492 480 527 nec
517 493 581 527 ex
618 493 785 543 aequo
824 475 1031 527 ducitur
1068 475 1177 527 ulla
1213 475 1353 543 iugo,

115 543 300 597 Gloria
334 544 624 614 Lysippost
660 546 896 598 animosa
934 546 1186 614 effingere
1225 545 1405 613 signa,

181 612 398 668 Exactis
437 614 666 668 Calamis
704 634 759 668 se
796 616 927 667 mihi
964 616 1125 667 iactat
1162 616 1336 683 equiS‚
1666 624 1719 663 10

112 684 178 738 In
212 683 436 738 Veneris
473 686 655 738 tabula
691 704 952 738 summam
990 687 1091 737 sibi
1128 687 1282 754 ponit
1318 685 1534 753 Apelles
1545 725 1559 752 ‚

184 754 494 808 Parrhasius
531 775 690 825 parva
726 757 961 808 vindicat
998 759 1109 808 arte
1148 757 1348 823 locum,

115 827 449 896 Argumenta
484 827 656 896 magis
695 830 819 879 sunt
854 827 1113 879 Mentoris
1152 826 1328 878 addita
1366 826 1593 892 formae,

186 899 260 949 At
294 895 448 966 Myos
486 897 734 966 exiguum
770 898 936 949 flectit
972 897 1225 949 acanthus
1265 897 1391 963 iter,

114 966 396 1020 Phidiacus
434 968 588 1038 signo
628 986 683 1020 se
717 967 957 1036 Iuppiter
994 971 1148 1020 ornat
1185 967 1383 1019 eburno
1393 1008 1408 1035 7
1668 974 1718 1014 15

184 1037 489 1090 Praxitelen
524 1038 739 1107 propria
774 1039 1010 1090 vindicat
1044 1038 1174 1090 urbe
1212 1038 1362 1105 lapis,

114 1107 216 1160 Est
252 1108 441 1178 quibus
477 1108 640 1161 Eleae
678 1109 946 1161 concurrit
981 1109 1160 1177 palma
1197 1107 1507 1177 quadrigae,

184 1177 287 1231 Est
323 1179 512 1248 quibus
548 1179 606 1231 in
643 1179 837 1232 celeres
874 1180 1046 1248 gloria
1081 1182 1208 1231 nata
1245 1178 1428 1247 pedes3

115 1247 220 1301 Hic
256 1253 402 1302 satus
439 1250 504 1302 ad
539 1267 749 1319 pacem,
786 1249 874 1302 hic
912 1250 1265 1302 castrensibus
1302 1249 1447 1300 utilis
1485 1247 1670 1299 armis:

185 1318 420 1373 Naturae
457 1321 694 1389 sequitur
731 1321 933 1372 semina
969 1320 1190 1389 quisque
1229 1337 1368 1371 suae.
1667 1328 1721 1366 20

117 1391 194 1442 At
227 1392 344 1459 tua,
382 1390 661 1443 Maecenas
673 1432 687 1459 ‚
727 1392 864 1443 vitae
900 1394 1181 1460 praecepta
1216 1390 1418 1459 recepi,

189 1458 367 1531 Cogor
403 1463 457 1514 et
493 1462 746 1530 exemplis
782 1464 836 1514 te
874 1480 1120 1530 superare
1156 1462 1278 1513 tuis.
1306 1480 1333 1519 x

120 1530 255 1584 Cum
292 1531 392 1584 tibi
427 1531 669 1584 Romano
709 1532 948 1584 dominas
985 1533 1042 1583 in
1078 1531 1293 1583 honore
1316 1549 1524 1583 secures

190 1601 264 1654 Et
299 1602 457 1656 liceat
492 1602 666 1654 medio
704 1620 901 1671 ponere
938 1604 1052 1654 iura
1089 1604 1228 1668 for0,

117 1671 219 1725 Vel
254 1673 355 1725 tibi
390 1671 667 1725 Medorum
703 1691 972 1742 pugnaces
1010 1674 1085 1725 ire
1122 1691 1217 1741 per
1252 1672 1430 1724 hastas
1667 1681 1721 1721 25

188 1743 365 1812 Atque
402 1760 620 1796 onerare
656 1745 802 1796 tuam
839 1744 943 1795 fixa
978 1762 1073 1812 per
1109 1762 1255 1795 arma
1293 1743 1532 1810 domum,

117 1813 190 1865 Et
224 1813 323 1868 tibi
359 1814 426 1866 ad
462 1814 706 1866 effectum
745 1815 881 1866 vires
919 1814 1009 1866 det
1045 1813 1240 1867 Caesar
1278 1817 1330 1866 et
1366 1814 1510 1865 omni

188 1883 448 1954 Tempore
483 1887 596 1936 tam
632 1885 816 1936 faciles
854 1885 1193 1936 insinuentur
1230 1903 1382 1952 opeS‚

118 1953 298 2007 Parcis
335 1957 390 2008 et
423 1955 481 2007 in
516 1959 702 2008 tenues
739 1954 994 2007 humilem
1030 1958 1083 2007 te
1120 1955 1328 2024 colligis
1366 1955 1606 2007 umbras:

187 2023 442 2078 Velorum
477 2026 663 2095 plenos
702 2025 965 2078 subtrahis
1002 2026 1115 2094 ipse
1155 2026 1318 2078 sinus.
1669 2036 1725 2075 30

119 2094 286 2148 Crede
322 2095 479 2164 mihi,
517 2114 741 2166 magnos
779 2097 1080 2165 aequabunt
1115 2097 1220 2148 ista
1257 2095 1511 2149 Camillos

189 2165 391 2219 Iudicia
427 2171 482 2219 et
516 2167 695 2219 venies
732 2170 791 2219 tu
829 2184 1036 2235 quoque
1073 2167 1130 2219 in
1168 2184 1262 2219 ora
1298 2167 1494 2235 virum,

119 2236 358 2290 Caesaris
396 2239 450 2290 et
484 2236 656 2290 famae
692 2237 920 2307 vestigia
957 2238 1137 2289 iuncta
1172 2237 1400 2290 tenebis:

188 2306 511 2360 Maecenatis
549 2311 705 2360 erunt
740 2327 863 2360 vera
897 2311 1117 2376 tropaea
1151 2307 1297 2360 fides,

117 2376 245 2431 Non
281 2395 382 2448 ego
422 2378 637 2431 velifera
671 2378 930 2431 tumidum
967 2397 1110 2430 mare
1147 2378 1290 2431 findo
1328 2379 1532 2432 carina:
1668 2389 1724 2430 35

189 2447 330 2501 Tuta
367 2449 464 2501 sub
504 2450 696 2518 exiguo
734 2449 950 2501 flumine
987 2451 1170 2501 nostra
1206 2452 1420 2502 morast.

118 2517 244 2572 Non
279 2518 416 2572 flebo
454 2519 512 2572 in
548 2520 750 2572 cineres
789 2537 961 2572 arcem
1003 2519 1200 2572 sedisse
1238 2522 1488 2588 paternos

189 2587 377 2642 Cadmi
411 2607 512 2642 nec
549 2593 751 2658 septem
787 2590 989 2658 proelia
1026 2590 1173 2643 clade
1209 2590 1348 2659 pari,

118 2658 238 2712 Nec
274 2660 498 2712 referam
537 2659 728 2713 Scaeas
767 2664 820 2713 et
856 2660 1115 2730 Pergama
1150 2661 1419 2730 Apollinis
1458 2679 1603 2714 arces
1613 2702 1628 2731 ‚

94 2725 100 2738 '
188 2729 262 2783 Et
295 2728 542 2783 Danaum
579 2731 783 2783 decimo
821 2749 940 2783 vere
977 2731 1175 2784 redisse
1211 2735 1350 2784 rates
1362 2772 1376 2799 ‚
1667 2742 1723 2783 40

119 2798 330 2853 Moenia
367 2818 486 2854 cum
525 2800 686 2854 Graio
723 2801 994 2869 Neptunia
1030 2802 1224 2870 pressit
1260 2807 1434 2856 aratro

225 2869 410 2924 Victor
445 2871 712 2924 Palladiae
750 2872 957 2941 ligneus
996 2872 1123 2924 artis
1162 2891 1340 2941 equus,
