1936 3112
235 135 303 187 06
864 139 1182 184 1311οΡ611111
1763 112 1830 197 Δ[1.

341 275 479 328 Nam
517 274 616 326 tibi
653 274 893 326 victrices
932 291 1283 342 quascumque
1327 273 1506 327 labore
1542 273 1756 343 parasti,

239 356 320 396 140
416 345 611 397 Eludet
646 344 846 412 palmas
883 363 988 395 una
1023 345 1203 412 puella
1237 348 1379 396 tuas:

342 414 416 467 Et
450 415 585 467 bene
624 432 742 466 cum
778 414 938 465 fixum
975 416 1153 466 mento
1193 413 1498 466 discusseris
1533 431 1744 483 uncum,

414 484 507 537 Nil
545 484 644 536 erit
678 483 794 550 hoc,
832 486 1003 535 rostro
1042 486 1096 536 te
1131 487 1337 551 premet
1372 502 1500 536 ansa
1536 502 1647 536 suo,

344 553 496 606 Illius
535 553 751 605 arbitrio
788 556 1000 605 noctem
1037 554 1309 622 lucemque
1345 554 1570 606 videbis:

418 624 582 676 Gutta
620 642 826 692 quoque
865 642 926 675 ex
966 624 1131 676 oculis
1168 641 1279 675 non
1314 624 1418 676 nisi
1453 624 1596 676 iussa
1632 622 1796 676 cadet.

245 705 323 744 145
350 694 462 746 Nec
499 694 643 745 mille
682 693 928 745 excubiae
963 711 1061 745 nec
1097 696 1150 745 te
1188 694 1397 762 signata
1432 694 1687 746 iuvabunt

416 764 645 816 Limina.
683 781 960 832 persuasae
997 763 1179 815 fallere
1214 765 1347 815 rima
1372 767 1454 816 sat
1487 767 1581 844 661.

348 834 504 886 Ν11116
540 837 631 884 tua
668 833 750 885 vel
786 834 971 885 mediis
1008 833 1199 901 puppis
1235 834 1460 886 luctetur
1495 834 1554 886 in
1588 833 1761 903 undiS,

419 903 520 955 Vel
557 903 680 955 licet
717 904 930 954 armatis
967 902 1136 955 hostis
1173 903 1387 956 inermis
1425 922 1538 972 eaS‚

350 973 451 1025 Vel
488 974 795 1026 tremefacta
832 991 958 1026 cavo
996 974 1152 1025 tellus
1192 974 1403 1026 diducat
1437 944 1662 1044 hiatum,

248 1055 328 1094 150
426 1043 695 1111 Octipedis
735 1043 925 1097 Cancri
961 1046 1112 1112 terga
1148 1044 1361 1096 sinistra
1396 1046 1560 1100 time?

999 1207 1075 1268 Π.

354 1310 491 1372 Quid
529 1310 720 1362 miraie
756 1328 898 1362 meas
935 1312 1019 1362 tot
1053 1311 1110 1362 in
1146 1328 1251 1362 uno
1279 1327 1496 1379 corpore
1531 1310 1766 1364 formas?

423 1381 620 1450 Accipe
658 1380 937 1432 Vertumni
973 1380 1128 1460 signa
1162 1383 1382 1448 paterna
1418 1380 1516 1434 dei.

354 1451 555 1503 Tuscus
593 1468 691 1519 ego
732 1452 784 1502 et
820 1450 1003 1502 Tuscis
1042 1451 1205 1517 orior,
1244 1468 1343 1503 nec
1378 1451 1615 1519 paenitet
1649 1451 1787 1504 inter

425 1520 634 1573 Proelia
670 1519 959 1572 Volsunios
998 1520 1287 1572 deseruisse
1323 1521 1487 1574 focos⁸

311 1603 336 1641 5
363 1590 508 1643 Haec
544 1608 628 1642 me
664 1590 819 1642 turba
854 1591 1014 1657 iuvat,
1051 1608 1150 1642 nec
1184 1591 1383 1658 templo
1409 1591 1578 1643 laetor
1614 1591 1839 1645 eburno:

426 1660 723 1713 Romanum
761 1661 886 1712 satis
925 1663 1004 1712 est
1037 1679 1194 1729 posse
1230 1660 1404 1713 videre
1440 1661 1629 1713 forum.

355 1731 471 1782 Hac
508 1730 772 1799 quondam
810 1730 1086 1782 Tiberinus
1123 1731 1222 1782 iter
1257 1730 1499 1798 faciebat,
1538 1733 1591 1783 et
1625 1731 1772 1783 aiunt

428 1801 712 1853 Remorum
750 1800 954 1852 auditos
992 1819 1084 1869 per
1120 1801 1252 1852 vada
1287 1800 1437 1868 pulsa
1473 1818 1655 1853 sonos:

360 1873 434 1923 At
469 1874 749 1940 postquam
786 1871 876 1922 ille
913 1871 1019 1922 suis
1055 1873 1260 1922 tantum
1300 1871 1561 1922 concessit
1597 1870 1837 1938 alumniS‚

279 1953 331 1991 10
427 1940 748 1993 Vertumnus
785 1959 934 1992 verso
974 1941 1119 1992 dicor
1156 1941 1220 1992 ab
1257 1958 1410 1992 amne
1448 1940 1589 1992 deus,

359 2010 478 2076 Seu,
517 2011 640 2078 quia
676 2011 926 2062 vertentis
962 2011 1185 2062 fructum
1226 2011 1611 2079 praecerpimus
1649 2009 1799 2078 anni,

430 2080 710 2132 Vertumni
746 2098 924 2132 rursus
953 2081 1179 2132 creditur
1216 2098 1328 2132 esse
1366 2098 1588 2132 sacrum.

361 2151 539 2203 Prima
573 2150 705 2202 mihi
739 2150 908 2202 variat
944 2150 1225 2202 liventibus
1262 2169 1362 2202 uva
1396 2150 1642 2218 racemiS‚

432 2221 504 2272 Et
540 2238 690 2273 coma
725 2220 940 2272 lactenti
978 2221 1153 2288 spicea
1184 2220 1337 2289 fruge
1372 2222 1555 2272 tumet.

282 2302 333 2341 15
360 2291 463 2343 Hic
501 2291 676 2342 dulces
715 2308 936 2357 cerasOS,
974 2289 1060 2342 hic
1098 2290 1421 2341 autumnalia
1455 2307 1625 2358 pruna

435 2360 619 2413 Cernis
657 2362 710 2412 et
746 2360 941 2412 aestivo
979 2378 1129 2411 mora
1164 2360 1348 2411 rubere
1386 2360 1484 2412 die.

363 2430 559 2483 Insitor
595 2430 681 2482 hic
718 2430 876 2482 solvit
909 2447 1130 2499 pomosa
1165 2432 1289 2481 vota
1325 2447 1541 2498 corona,

435 2499 567 2553 Cum
603 2500 749 2568 pirus
775 2500 941 2551 invito
981 2499 1157 2567 stipite
1195 2500 1336 2551 mala
1370 2499 1508 2552 tulit.

365 2570 591 2622 Mendax
626 2569 767 2621 fama
802 2587 985 2622 noces:
1025 2569 1156 2620 alius
1193 2569 1324 2620 mihi
1359 2569 1589 2621 nominis
1627 2569 1807 2622 index:

283 2652 337 2690 20
433 2639 513 2691 De
551 2658 606 2690 se
641 2640 877 2691 narranti
912 2642 970 2690 tu
1006 2638 1161 2690 modo
1201 2639 1351 2691 crede
1387 2639 1500 2691 deo,

368 2710 678 2778 Opportuna
713 2712 881 2761 meast
917 2709 1118 2761 cunctis
1154 2711 1342 2760 natura
1377 2709 1583 2777 figuris:

437 2779 501 2830 In
538 2797 915 2847 quamcumque
951 2779 1095 2830 voles
1132 2781 1301 2846 verte,
1341 2778 1557 2830 decorus
1594 2795 1697 2830 610.

368 2849 532 2904 Indue
570 2867 653 2904 me
692 2847 833 2921 Cois,
872 2849 992 2900 fiam
1029 2866 1139 2900 non
1176 2848 1303 2900 dura
1337 2848 1537 2918 puella:
1578 2918 1594 2933 ·
