1936 3112
87 131 206 189 XV.]
749 137 927 180 LIBER
963 136 1041 180 III.
1611 126 1683 179 45

89 266 204 320 Nos
240 286 569 338 quocumque
605 271 749 339 loco,
787 289 886 324 nos
923 270 1071 323 omni
1106 273 1344 338 tempore
1382 270 1555 321 tecum

161 338 282 392 Sive
318 357 478 410 aegra
512 342 708 410 pariter
745 342 853 395 sive
889 342 1098 394 valente
1135 358 1329 393 611111116.
1631 347 1687 388 20

691 521 804 579 XV
849 520 1082 598 [XXIIJ.

7 621 10 624 ’
93 619 206 674 Scis
242 619 367 674 here
404 623 478 674 mi
514 623 707 675 multas
743 624 940 692 pariter
975 623 1236 691 placuisse
1273 621 1501 691 puellaS,

162 690 276 744 Scis
312 691 468 760 mihi,
508 692 886 762 Demophoon,
926 694 1093 745 multa
1130 692 1307 745 venire
1343 692 1495 744 mala.

91 760 144 814 N
147 762 255 814 ulla
289 763 422 815 meis
458 763 655 816 frustra
691 765 981 816 lustrantur
1017 763 1249 832 compita
1284 762 1512 832 plantiS‚

30 835 34 839 ’
163 831 208 885 Ο
244 832 403 886 11111116
441 834 602 886 exitio
639 838 766 887 nata
799 834 1007 887 theatra
1041 852 1185 901 11160,

94 901 214 956 Sive
251 903 440 973 aliquis
477 904 628 957 molli
665 905 866 957 diducit
901 904 1122 957 candida
1157 906 1314 974 gestu
1660 909 1688 952 5

161 971 389 1026 Brachia
425 993 518 1027 seu
554 976 727 1027 varios
763 976 954 1028 incinit
991 993 1080 1027 ore
1116 974 1322 1027 modos!

93 1042 304 1096 Interea
339 1046 511 1098 nostri
548 1049 806 1114 quaerunt
842 1046 943 1098 sibi
981 1045 1168 1097 volnus
1206 1045 1383 1112 ocelli,

165 1113 404 1168 Candida
437 1134 549 1168 11011
583 1118 724 1168 16610
762 1119 974 1185 pectore
1011 1116 1161 1183 siqua
1197 1115 1366 1182 sedet,

96 1183 217 1238 Sive
253 1187 376 1256 vagi
413 1186 584 1239 crines
620 1187 766 1256 puris
803 1187 861 1239 in
896 1187 1162 1239 frontibus
1201 1190 1400 1252 errant,

164 1255 349 1309 Indica
385 1275 517 1326 quos
552 1257 727 1310 medio
765 1258 958 1310 vertice
995 1275 1205 1327 gemma
1239 1259 1401 1309 tenet.
1526 1270 1528 1272 ’
1639 1265 1692 1305 10

96 1325 242 1389 Quae
278 1327 325 1379 si
360 1327 499 1380 forte
535 1328 734 1397 aliquid
770 1328 918 1380 voltu
954 1327 1085 1380 mihi
1122 1327 1251 1379 dura
1285 1329 1528 1397 negarat,

164 1397 381 1478 Frigida
417 1397 481 1450 de
516 1400 632 1451 tota
667 1399 843 1451 fronte
882 1398 1101 1451 cadebat
1137 1416 1285 1467 aqua.

97 1466 340 1538 Quaene,
366 1467 746 1538 Demophoon,
773 1487 865 1522 cur
890 1469 991 1521 sim
1010 1473 1120 1521 tam
1143 1469 1319 1521 mollis
1338 1469 1394 1520 in
1413 1467 1631 1520 omnes?

167 1538 319 1601 Quod
356 1540 588 1608 quaeris,
628 1558 781 1592 curae
817 1557 927 1591 non
964 1539 1123 1591 habet
1159 1540 1297 1592 ullus
1335 1557 1496 1591 amor.

99 1608 206 1662 Cur
242 1609 432 1678 aliquis
471 1610 631 1662 sacris
669 1610 835 1662 laniat
871 1629 965 1662 sua
1000 1609 1215 1662 brachia
1253 1611 1458 1676 cultris,
1641 1617 1692 1658 15

167 1679 240 1732 Et
274 1679 502 1750 Phrygis
539 1681 754 1732 insanos
792 1680 1026 1733 caeditur
1061 1681 1126 1732 ad
1162 1680 1446 1733 numeros?

97 1748 394 1820 Vnicuique
431 1750 577 1803 dedit
611 1751 799 1803 vitium
835 1754 1024 1802 natura
1061 1754 1262 1804 creato:

167 1820 244 1873 Mi
280 1821 495 1873 fortuna
531 1821 729 1890 aliquid
767 1839 973 1890 semper
1010 1840 1184 1874 amare
1222 1821 1389 1874 dedit:

98 1890 186 1944 Me
222 1891 348 1944 licet
385 1895 438 1944 et
473 1891 768 1960 Thamyrae
806 1893 1036 1944 cantoris
1073 1893 1183 1944 fata
1220 1895 1564 1961 sequantur,'

168 1961 469 2032 Numquam
506 1963 571 2014 ad
607 1963 868 2015 formosas
877 2004 891 2030 ,
929 1962 1130 2030 invide,
1170 1981 1353 2015 caecus
1391 1982 1496 2016 er0.
1641 1974 1697 2013 20

99 2031 203 2086 Sed
239 2033 338 2085 tibi
376 2033 421 2085 61
458 2033 617 2086 exiles
655 2033 837 2085 videor
872 2036 1118 2085 tenuatus
1154 2034 1211 2085 in
1248 2037 1416 2101 611116,

167 2102 410 2156 Falleris:
449 2102 580 2155 haut
615 2106 916 2172 umquamst
951 2105 1092 2156 culta
1128 2104 1307 2156 labore
1343 2104 1542 2158 Venus.

98 2173 446 2227 Percunctere
482 2173 629 2226 licet:
668 2177 879 2243 saepest
914 2176 1128 2243 experta
1163 2175 1342 2243 puella

170 2244 416 2297 Officium
453 2246 567 2296 tota
601 2247 757 2297 nocte
795 2245 967 2297 valere
1003 2263 1194 2298 meum.

43 2361 75 2395 ⁶
99 2314 337 2384 Iuppiter
372 2315 661 2367 Alcmenae
736 2315 938 2367 eminas
974 2316 1302 2384 requieverat
1337 2317 1559 2387 Arctos,
1639 2325 1696 2369 25

168 2385 243 2438 Et
278 2385 480 2438 caelum
516 2388 679 2438 noctu
751 2386 796 2438 is
834 2386 948 2438 sine
982 2404 1108 2456 rege
1144 2386 1271 2453 fuit,

99 2455 213 2509 Nec
247 2458 427 2508 tamen
462 2455 658 2508 idcirco
695 2455 954 2526 languens
992 2456 1058 2509 ad
1092 2457 1318 2509 fulmina
1352 2459 1523 2512 venit:

167 2526 361 2580 Nullus
399 2544 547 2578 amor
583 2527 719 2579 vires
757 2527 831 2578 eri
871 2527 914 2578 it
949 2527 1063 2595 ipse
1101 2545 1235 2580 suas,

100 2596 294 2659 Quid?
315 2614 434 2649 cum
473 2615 501 2649 e
538 2597 797 2665 conplexu
883 2597 1102 2649 riseidos
1140 2598 1243 2650 iret
1276 2597 1542 2665 Achilles,

169 2666 313 2720 Num
348 2666 532 2737 fugere
569 2667 744 2719 minus
782 2666 1037 2719 Thessala
1072 2669 1178 2720 tela
1212 2668 1489 2739 Phryges?
1640 2682 1696 2722 30

101 2737 274 2800 Quid?
329 2737 472 2789 ferus
527 2737 930 2790 Andromachae
986 2738 1162 2861 lectoH
1179 2757 1297 2791 cum
1353 2744 1592 2811 surgeret

1165 2814 1310 2862 ector

170 2876 320 2932 Bella
356 2877 672 2950 Mycenaeae
708 2896 820 2931 non
855 2879 1075 2933 timuere
1111 2880 1286 2933 rates?
1318 2851 1333 2879 ’
