1936 3112
294 117 362 169 82
468 112 471 119 ’
924 123 1244 170 PROPERTII
1717 122 1880 184 [xnn.

469 256 688 311 Invocet
723 259 955 327 Antiope
993 270 1148 328 que'm
1185 259 1290 311 nisi
1326 258 1506 311 vincta
1538 257 1757 312 Iovem?

400 327 526 381 Sola
550 332 754 396 tamen,
788 347 1141 398 quaecumque
1171 330 1390 382 aderant
1410 330 1468 381 in
1495 345 1715 398 corpore
1727 329 1882 399 ᾔτεε,

469 399 693 468 Regales
731 400 964 451 manicas
1000 400 1144 467 rupit
1177 403 1397 468 utraque
1433 417 1610 451 manu.

317 479 371 519 25
397 467 527 520 Inde
565 468 897 522 Cithaeronis
933 470 1120 521 timido
1158 469 1290 537 pede
1327 469 1489 522 currit
1523 469 1581 522 in
1617 485 1778 524 arces-

470 538 516 590 N
523 557 589 590 ox
627 543 761 607 erat,
801 542 855 591 et
890 557 1070 607 sparso
1108 540 1259 591 triste
1296 539 1467 592 cubile
1503 539 1640 608 gelu.

399 607 565 676 Saepe
601 627 736 678 vago
775 610 943 677 Asopi
979 609 1151 661 sonitu
1191 612 1430 678 permota
1464 608 1676 661 fluentis

471 677 730 732 Credebat
766 679 1009 732 dominae
1045 697 1183 747 pone
1220 680 1397 731 venire
1433 679 1609 748 pedeS.

397 748 469 800 Et
504 749 690 800 durum
729 748 951 801 Zethum
989 752 1043 801 et
1077 749 1307 801 lacrimis
1334 749 1637 818 Amphiona
1670 749 1883 803 mollem

314 828 370 868 30
463 819 748 887 Expertast
784 820 1002 871 stabulis
1040 822 1208 871 mater
1245 820 1432 872 abacta
1468 819 1590 872 suis,

396 890 478 941 Ac
516 890 701 957 veluti,
739 907 962 958 magnos
1001 907 1119 942 cum
1155 892 1362 958 ponunt
1397 907 1626 958 aequora
1660 891 1857 958 motuS,

465 959 639 1011 Eurus
677 960 768 1012 ubi
805 960 1021 1012 adverso
1061 960 1255 1012 desinit
1289 960 1366 1012 ire
1401 958 1570 1027 Noto,

397 1029 598 1082 Littore
636 1031 679 1082 si
715 1030 878 1082 tacito
917 1030 1119 1082 sonitus
1155 1030 1375 1082 rarescit
1407 1028 1656 1098 harenae,

462 1099 554 1152 Sic
593 1099 757 1170 (cadit
792 1100 984 1152 inflexo
1022 1100 1168 1168 lapsa
1203 1100 1379 1168 puella
1413 1099 1579 1169 genu)

314 1180 369 1220 35
396 1169 547 1237 Sera,
586 1174 764 1222 tamen
801 1170 993 1238 pietas:
1030 1171 1170 1222 natis
1210 1174 1290 1222 est
1325 1170 1569 1238 cognitus
1607 1186 1768 1224 error.

463 1240 640 1310 Digne
678 1240 818 1292 Iovis
856 1243 1008 1292 natos
1046 1240 1135 1307 qui
1171 1242 1349 1292 tueare
1386 1257 1574 1306 senex,

396 1310 476 1363 Tu
513 1310 685 1363 reddis
724 1311 897 1378 pueris
935 1312 1181 1376 matrem,
1221 1309 1471 1378 puerique
1506 1308 1817 1363 trahendam
1911 1372 1914 1377 Ι

465 1380 763 1432 Vinxerunt
798 1379 993 1433 Dircen
1030 1381 1124 1432 sub
1162 1380 1325 1432 trucis
1362 1398 1454 1431 ora
1489 1380 1656 1432 bovis,

396 1452 652 1519 Antiope,
692 1468 951 1520 cognosce
986 1450 1191 1502 Iovem:
1229 1450 1328 1501 tibi
1364 1450 1535 1519 gloria
1570 1449 1727 1502 Dirce

313 1532 369 1572 40
462 1520 684 1573 Ducitur
720 1521 777 1572 in
812 1521 991 1572 multis
1028 1523 1256 1572 mortem
1292 1519 1537 1572 habitura
1572 1519 1719 1572 lociS.

395 1591 553 1643 Prata
590 1594 932 1643 cruentantur
970 1590 1134 1643 Zetho
1146 1631 1160 1658 ,
1198 1591 1469 1658 victorque
1507 1590 1729 1642 canebat

465 1661 674 1714 Paeana
710 1661 981 1729 Amphion
1015 1679 1169 1728 rupe,
1209 1659 1540 1728 Aracynthe,
1577 1663 1684 1712 tua.

394 1732 470 1784 At
505 1734 564 1783 tu
599 1749 710 1783 non
745 1732 986 1783 meritam
1021 1748 1204 1799 parcas
1241 1748 1428 1782 vexare
1463 1729 1779 1798 Lycinnamz

464 1802 651 1854 Nescit
687 1805 862 1853 vestra
896 1804 1053 1852 rue'ns
1091 1801 1169 1852 ira
1204 1801 1399 1852 referre
1435 1800 1637 1868 pedem.

313 1884 367 1923 45
393 1872 594 1925 Fabula
628 1872 776 1923 nulla
811 1874 929 1922 tuas
968 1871 1031 1923 de
1066 1870 1220 1922 nobis
1259 1870 1490 1922 concitet
1525 1887 1701 1923 aures:

466 1942 539 1994 Te
577 1942 743 1994 solam
780 1944 833 1993 et
868 1941 1029 2010 lignis
1066 1940 1265 1992 funeris
1302 1943 1451 1991 ustus
1488 1958 1674 1993 amem.

903 2118 1014 2186 XV
1061 2115 1265 2200 [XVI].

394 2222 518 2276 Nox
562 2222 760 2289 media,
813 2223 867 2272 et
903 2220 1145 2272 dominae
1181 2219 1313 2290 mihi
1347 2219 1493 2272 venit
1528 2218 1755 2288 epistula
1787 2236 1884 2271 no-

1297 2292 1461 2342 strae:

465 2363 658 2414 Tibure
694 2379 779 2413 me
814 2361 977 2412 missa
1012 2360 1166 2412 iussit
1201 2360 1382 2412 adesse
1419 2376 1596 2427 mora,

395 2432 633 2487 Candida
669 2449 770 2499 qua
812 2431 1050 2500 geminas
1098 2430 1384 2482 ostendunt
1420 2430 1648 2481 culmina
1682 2431 1880 2498 turres,

462 2503 537 2555 Et
574 2502 713 2554 cadit
748 2502 804 2553 in
840 2501 1048 2568 patulos
1087 2499 1302 2568 lympha
1336 2499 1546 2551 Aniena
1581 2499 1741 2551 lacus,

347 2584 373 2624 5
401 2572 537 2635 Quid
561 2571 788 2624 faciam?
828 2570 1067 2622 obductis
1094 2570 1420 2622 committam
1444 2586 1597 2621 mene
1621 2569 1892 2637 tenebris,¹

466 2642 538 2695 Vt
572 2642 788 2693 timeam
824 2641 1044 2692 audaces
1081 2641 1139 2692 in
1173 2656 1305 2691 mea·
1327 2639 1564 2691 membra
1599 2637 1820 2690 manus?

394 2713 469 2764 At
505 2713 551 2763 si
588 2712 839 2763 distulero
878 2710 1007 2763 haec
1041 2712 1223 2762 nostro
1262 2709 1509 2761 mandata
1543 2708 1762 2776 timore,

462 2782 737 2835 Nocturno
773 2781 926 2832 fletus
964 2780 1166 2831 saevior
1202 2779 1353 2830 hoste
1395 2778 1541 2830 mihi.

392 2852 670 2907 Peccaram
706 2851 892 2918 semel,
931 2852 984 2903 et
1006 2853 1177 2903 totum
1203 2868 1318 2901 sum
1341 2849 1524 2919 pulsus
1560 2848 1619 2901 in
1654 2865 1876 2901 annum:
1930 2910 1934 2915 .
