1936 3112
219 129 281 182 18
855 136 1173 181 PRoPER‘ru
1594 139 1800 197 [xvnn.

320 269 425 323 Hic
460 271 586 324 licet
622 272 856 324 occultos
893 272 1126 341 proferre
1162 273 1359 342 inpune
1396 272 1603 326 dolores
1611 314 1627 342 ‚

390 341 446 393 Si
482 342 638 394 modo
677 343 790 394 sola
826 345 1021 410 queant
1059 361 1183 395 saxa
1216 347 1395 396 tenere
1432 343 1603 396 fidem.

272 420 299 461 5
324 409 476 463 Vnde
502 414 622 464 tuos
647 412 874 480 primum
899 414 1150 481 repetam,
1185 432 1302 466 mea
1327 412 1570 483 Cynthia,
1595 414 1799 469 fastus?

390 481 541 543 Quod
576 482 706 533 mihi
743 482 833 534 das
872 482 1056 551 flendi,
1096 482 1348 551 Cynthia,
1386 484 1740 553 principium?

321 551 422 613 Qui
458 551 614 603 modo
651 552 831 605 felices
869 553 1006 605 inter
1041 554 1353 606 numerabar
1389 556 1624 606 amantes
1633 594 1648 623 ‚

388 621 441 674 N
444 640 547 674 unc
584 622 641 674 in
678 641 853 675 amore
890 626 980 675 tuo
1020 641 1182 692 cogor
1215 623 1407 676 habere
1442 626 1640 677 notam.

319 691 456 753 Quid
478 694 684 744 tantum
710 693 911 745 merui‘?
938 711 1069 762 quae
1087 696 1140 745 te
1164 693 1296 746 mihi
1316 693 1534 747 crimina
1557 694 1797 748 mutant?

224 773 292 824 Χ10
386 762 473 813 An
508 780 647 814 nova
681 763 927 829 tristitiae
965 781 1121 815 causa
1156 764 1331 832 puella
1365 764 1522 817 tuae?

321 831 408 884 Sic
444 831 575 884 mihi
611 835 664 884 te
699 833 894 886 referas
931 833 1075 900 leviS,
1113 837 1173 885 ut
1207 852 1316 886 non
1354 834 1516 887 altera
1550 836 1731 887 nostro

390 901 596 954 Limine
633 903 894 955 formosos
931 904 1111 955 intulit
1145 905 1253 955 ulla
1287 904 1460 972 pedes,

319 971 568 1034 Quamvis
605 974 771 1024 multa
805 974 904 1025 tibi
941 973 1091 1025 dolor
1114 973 1201 1026 hic
1226 992 1372 1027 meus
1410 993 1594 1043 aspera
1629 974 1798 1044 debet,

388 1042 515 1095 Non
551 1043 626 1095 ita
663 1062 816 1095 saeva
851 1047 1030 1095 tamen
1067 1045 1269 1096 venerit
1304 1049 1382 1096 ira,
1416 1063 1547 1112 mea,

239 1122 291 1162 15
316 1110 391 1165 Vt
425 1113 524 1164 tibi
562 1113 660 1165 sim
697 1114 886 1165 merito
925 1132 1130 1182 semper
1165 1115 1311 1166 furor
1348 1117 1400 1167 et
1434 1117 1525 1166 tua
1559 1114 1734 1170 fiendo

389 1182 615 1235 Lumina
652 1183 867 1235 deiectis
903 1185 1078 1252 turpia
1117 1184 1223 1235 sint
1257 1185 1503 1236 lacrimis

321 1252 411 1304 An
439 1253 570 1321 'quia
605 1272 765 1321 parva
802 1254 983 1305 damus
1019 1256 1220 1306 mutato
1260 1255 1414 1324 signa
1451 1255 1638 1323 calore,

388 1322 461 1374 Et
495 1340 606 1375 non
640 1324 748 1375 ulla
782 1342 900 1376 meo
942 1325 1134 1376 clamat
1169 1325 1225 1376 in
1262 1342 1351 1377 ore
1387 1325 1556 1377 fides?

318 1391 430 1445 Vos
467 1393 612 1445 eritis
648 1396 826 1462 testeS,
867 1395 1046 1462 siquos
1084 1394 1243 1446 habet
1279 1395 1434 1447 arbor
1470 1413 1689 1465 amoreS‚

238 1474 293 1512 20
387 1462 560 1532 Fagus
597 1465 651 1515 et
684 1463 911 1516 Arcadio
948 1465 1103 1533 pinus
1140 1465 1308 1516 amica
1343 1465 1455 1518 deo,

316 1532 367 1584 A
388 1533 630 1600 quotiens
647 1536 855 1587 teneras
874 1536 1125 1586 resonant
1143 1553 1260 1586 mea
1278 1535 1436 1587 verba
1456 1535 1551 1587 sub
1571 1535 1799 1605 umbras,

393 1602 650 1656 Scribitur
687 1606 739 1656 et
773 1604 960 1656 vestris
989 1603 1228 1672 'Cynthia
1265 1605 1568 1659 corticibus!

319 1672 406 1726 En.
442 1676 533 1726 tua
568 1676 696 1742 quot
731 1674 936 1743 peperit
971 1675 1124 1726 nobis
1161 1675 1353 1727 iniuria
1391 1693 1556 1743 curaS,

390 1742 533 1805 Quae
570 1744 741 1796 solum
776 1745 952 1796 tacitis
992 1745 1204 1814 cognita
1241 1747 1364 1796 sunt
1397 1745 1624 1799 foribus!

236 1823 291 1864 25
318 1813 508 1867 Omnia
546 1815 792 1867 consuevi
828 1815 1042 1866 timidus
1079 1815 1312 1883 perferre
1351 1815 1603 1884 superbae

389 1883 541 1935 Iussa
575 1903 745 1953 neque
783 1887 969 1954 arguto
1007 1885 1149 1936 facta
1185 1885 1364 1937 dolore
1401 1885 1564 1954 queri.

318 1952 422 2006 Pro
460 1971 562 2022 quo
602 1954 807 2007 dumosi
842 1957 1048 2007 montes
1086 1956 1139 2007 et
1172 1955 1368 2025 frigida
1402 1973 1557 2024 rupes

388 2023 461 2076 Et
497 2024 649 2076 datur
685 2025 885 2077 inculto
922 2025 1132 2077 tramite
1169 2025 1296 2077 dura
1333 2025 1503 2096 quies3

319 2093 391 2146 Et
427 2094 789 2163 quodcumque
825 2113 972 2146 meae
1008 2097 1231 2163 possunt
1264 2114 1475 2147 narrare
1513 2095 1780 2164 querelae,

242 2174 299 2214 30
395 2163 572 2233 Cogor
609 2165 674 2216 ad
711 2167 922 2234 argutas
961 2164 1131 2216 dicere
1170 2165 1311 2217 solus
1349 2183 1487 2217 aves,

321 2234 422 2286 Sed
448 2234 895 2303 qualiscumque⁷s,
915 2237 1164 2286 resonent
1179 2235 1309 2286 mihi
1331 2234 1598 2303 ‘Cynthia’
1620 2234 1796 2303 silvae,

390 2303 504 2357 Nec
542 2304 748 2356 deserta
782 2307 873 2356 tuo
911 2305 1125 2356 nomine
1163 2323 1287 2357 saxa
1322 2307 1525 2358 vacent.

882 2482 1128 2542 XVIIII.

320 2582 445 2636 Non
472 2602 569 2653 ego
596 2601 737 2635 nunc
760 2584 939 2635 tristes
965 2602 1161 2651 vereor,
1188 2602 1305 2636 mea
1331 2583 1574 2653 Cynthia,
1596 2584 1796 2654 ManeS‚

389 2653 503 2705 Nec
540 2671 716 2704 moror
754 2656 985 2705 extremo
1025 2653 1201 2706 debita
1235 2654 1346 2705 fata
1380 2672 1537 2724 rog03

320 2722 421 2775 Sed
458 2741 524 2775 ne
560 2724 697 2774 forte
734 2726 825 2774 tuo
866 2726 1038 2775 careat
1072 2723 1202 2775 mihi
1238 2723 1396 2775 funus
1434 2742 1632 2791 amore,

388 2792 491 2844 Hic
526 2793 685 2844 timor
723 2796 802 2844 est
837 2794 966 2860 ipsis
1005 2793 1182 2844 durior
1219 2794 1462 2860 exequiis.

270 2872 297 2915 5
323 2862 447 2915 Non
485 2862 613 2914 adeo
652 2863 835 2917 leviter
870 2864 1063 2915 nostris
1098 2881 1228 2935 puer
1263 2863 1435 2916 haesit
1469 2863 1673 2933 0001118,
