1936 3112
83 119 210 178 1111.)
730 81 909 161 LIBER
945 115 1047 160 1111.
1621 103 1687 155 67

83 253 215 308 Tela
247 253 277 307 f
377 249 456 306 'cis
494 252 616 322 equi
655 254 708 305 et
743 251 946 304 bracati
981 249 1166 303 militis
1205 265 1356 301 arcus

152 324 227 378 Et
261 342 324 377 su
358 326 443 376 ter
479 326 664 393 captos
702 341 851 375 arma
888 321 1068 374 sedere
1106 320 1280 372 duces,

83 395 209 466 Ipsa
230 396 378 448 tuam
402 411 553 446 serva
577 393 807 463 prolem,
834 391 1041 446 Venus:
1079 390 1182 443 hoc
1209 390 1279 442 sit
1303 389 1360 440 in
1386 406 1595 455 aevum,

155 463 342 519 Cernis
379 464 446 517 ab
482 464 670 516 Aenea
706 463 848 533 quod
884 480 1157 531 superesse
1195 462 1367 528 caput.
1637 468 1692 507 20

85 534 290 590 Praeda.
325 535 396 588 sit
429 534 562 587 haec
597 535 732 602 illis,
771 551 994 603 quorum
1030 549 1266 584 meruere
1303 530 1538 582 labores:

20 660 21 663 ,
154 605 244 659 Me
279 610 364 659 sat
398 605 501 658 erit
537 604 697 658 Sacra
730 604 982 674 plaudere
1019 620 1176 672 posse
1212 601 1329 654 Via.

746 784 865 843 Im
910 783 1028 860 [Ἦ.

86 889 241 944 Pacis
275 888 445 941 Amor
482 887 610 940 deus
649 889 746 954 est,
785 905 969 955 pacem
1015 902 1327 938 veneramur
1367 884 1621 935 amantes,

159 959 316 1013 Stant
351 957 483 1011 mihi
521 975 640 1011 cum
680 957 895 1010 domina
931 956 1135 1026 proelia
1175 956 1305 1007 dura
1341 973 1481 1006 mea:

87 1029 205 1085 Nec
241 1032 424 1083 tamen
460 1029 634 1082 inviso
671 1031 857 1097 pectus
894 1027 1027 1079 mihi
1065 1027 1295 1095 carpitur
1332 1043 1485 1092 auro,

158 1100 274 1155 Nec
310 1100 447 1153 bibit
483 1118 510 1152 e
547 1117 760 1169 gemma
797 1099 957 1151 divite
993 1100 1176 1150 nostra
1214 1097 1356 1164 sitis,

88 1171 204 1226 Nec
238 1170 373 1224 mihi
408 1171 555 1223 mille
592 1170 732 1240 iugis
772 1168 1064 1238 Campania
1100 1168 1315 1238 pinguis
1354 1168 1557 1234 aratur,
1671 1174 1696 1214 5

159 1242 275 1297 Nec
311 1242 472 1294 miser
508 1259 631 1293 aera
665 1258 794 1310 paro
834 1240 1006 1308 clade,
1047 1238 1329 1306 Corinthe,
1368 1240 1476 1289 tua.

91 1312 137 1367 Ο
211 1313 346 1366 rima
381 1312 568 1365 infelix
603 1311 828 1381 fingenti
864 1315 1006 1363 terra
1042 1308 1388 1362 Prometheo!

190 1383 260 1437 lle
295 1401 482 1453 parum
520 1382 662 1435 cauti
697 1382 928 1450 pectoris
967 1382 1079 1450 egit
1115 1398 1272 1449 opus:

93 1452 334 1524 Corpora
369 1453 658 1522 disponens
695 1455 928 1504 mentem
965 1470 1076 1504 non
1112 1451 1246 1503 vidit
1281 1450 1338 1502 in
1375 1452 1503 1502 arte.

153 1524 330 1578 Recta
364 1524 530 1577 animi
564 1523 795 1593 primum
832 1523 1013 1575 debuit
1050 1540 1164 1575 esse
1200 1521 1302 1574 via.
1648 1531 1701 1570 10

92 1595 252 1650 Nunc
286 1595 449 1648 maris
485 1595 544 1647 in
579 1597 789 1647 tantum
825 1596 985 1646 vento
1023 1594 1306 1660 iactamur,
1346 1594 1399 1644 et
1434 1590 1642 1643 hostem

164 1665 502 1734 QuaerimUS‚
542 1668 698 1734 atque
736 1664 895 1717 armis
931 1664 1195 1717 nectimus
1234 1682 1379 1715 arma
1415 1680 1568 1714 nova.

93 1736 242 1790 Haut
275 1737 411 1790 ullas
446 1735 686 1805 portabis
724 1753 850 1804 opes
888 1735 1209 1787 Acherontis
1247 1734 1314 1786 ad
1350 1732 1543 1786 undas:

162 1807 352 1862 Nudus
389 1807 468 1860 ad.
490 1807 726 1860 infernas
736 1847 750 1874 ‚
790 1806 974 1874 stulte,
1012 1805 1203 1858 vehere
1239 1807 1395 1856 rates,

93 1877 282 1932 Victor
317 1896 435 1931 011111
472 1878 629 1930 victis
665 1877 864 1947 pariter
899 1876 1206 1929 miscebitur
1242 1876 1468 1927 umbris:
1650 1885 1703 1926 15

166 1947 398 2003 Consule
435 1966 556 2001 011111
591 1947 762 2000 Mario
772 1989 786 2015 ,
827 1950 979 2016 capte
1015 1946 1296 2017 Iugurtha,
1337 1946 1503 1999 sedeS.

95 2019 274 2089 Lydus
310 2018 560 2072 Dulichio
597 2036 709 2071 non
746 2018 909 2070 distat
946 2017 1172 2072 Croesus
1211 2017 1277 2069 ab
1315 2016 1429 2069 Iro:

168 2089 385 2160 Optima
419 2108 587 2157 111018,
624 2088 823 2142 Ρ31030
862 2107 994 2158 quae
1033 2088 1179 2141 venit
1216 2090 1335 2140 acta
1373 2087 1471 2140 die.

96 2161 185 2215 Me
219 2161 367 2213 iuvat
400 2160 458 2212 in
492 2161 667 2230 prima
704 2160 929 2212 coluisse
965 2159 1226 2212 Helicona
1263 2159 1478 2211 iuventa
1522 2191 1524 2193 -

166 2231 545 2300 Musarumque
583 2230 758 2284 choris
795 2230 1102 2299 inplicuisse
1139 2247 1355 2282 manus:
1649 2241 1706 2282 20

97 2301 186 2356 Me
217 2302 364 2355 iuvat
401 2304 455 2354 et
489 2302 660 2354 multo
697 2304 931 2354 mentem
968 2301 1166 2353 vincire
1205 2300 1378 2368 Lyaeo

168 2371 243 2425 Et
278 2375 436 2441 caput
470 2372 529 2425 in
564 2390 728 2424 verna
770 2390 977 2441 semper
1012 2371 1206 2423 habere
1242 2389 1378 2423 rosa.

98 2443 150 2497 A
211 2461 277 2496 ue
314 2443 405 2496 ubi
441 2443 547 2495 iam
574 2442 835 2495 Venerem
871 2442 1049 2512 gravis
1087 2441 1426 2510 interceperit
1462 2444 1633 2512 aetaS‚

207 2513 436 2584 parserit
472 2516 527 2566 et
559 2513 741 2582 nigras
779 2513 900 2565 alba
937 2516 1148 2565 senecta
1186 2530 1363 2565 comas
1373 2554 1388 2580 ‚

99 2583 236 2638 Tum
271 2583 404 2650 mihi
439 2586 659 2637 naturae
696 2584 859 2636 libeat
893 2583 1189 2652 perdiscere
1226 2601 1428 2651 moreS‚
1653 2596 1710 2640 25

171 2654 301 2718 Quis
338 2654 466 2707 deus
503 2654 640 2707 hanc
677 2654 860 2706 mundi
896 2657 1156 2722 temperet
1193 2656 1303 2705 arte
1341 2653 1582 2723 domum,

102 2724 218 2788 Qua
252 2725 400 2778 venit
435 2725 699 2793 exoriens,
740 2743 842 2793 qua
879 2725 1078 2792 deficit,
1125 2724 1262 2776 unde
1301 2725 1496 2776 coactis

173 2793 436 2850 Cornibus
474 2796 531 2848 in
565 2796 782 2864 plenum
819 2798 1090 2847 menstrua
1127 2795 1254 2847 luna
1289 2794 1454 2862 redit,

102 2864 258 2921 Vnde
295 2866 407 2920 salo
445 2868 699 2937 superant
733 2866 906 2936 venti,
945 2865 1072 2936 quid
1108 2865 1320 2919 flamine
1360 2868 1540 2933 captet
