1936 3112
244 125 342 178 108
861 134 1179 179 PROPERTII
1707 136 1817 197 [VII

344 265 586 336 Denique
623 269 738 337 quis
774 271 956 322 nostro
996 287 1210 323 curvum
1245 271 1298 323 te
1335 269 1518 323 funere
1553 269 1704 338 vidit,

412 337 599 390 Atram
637 339 753 407 quis
779 340 1007 392 lacrimis
1043 341 1322 393 incaluisse
1355 341 1572 410 togam?

343 406 399 459 Si
435 409 609 478 piguit
643 412 823 477 portas
848 411 986 462 ultra
1018 411 1323 479 procedere,
1361 413 1415 462 at
1449 411 1576 464 illuc

261 486 315 526 30
409 476 674 546 Iussisses,
713 480 906 532 lectum
942 481 1133 533 lentius
1170 481 1246 533 ire
1281 498 1471 533 meum.

344 546 449 600 Cur
485 551 671 600 ventos
706 567 817 601 non
853 550 966 618 ipse
1002 551 1164 620 rogis,
1201 551 1421 620 ingrate,
1458 550 1675 619 petisti?

413 617 516 671 Cur
551 619 715 671 nardo
751 620 989 673 flammae
1024 639 1134 673 non
1172 621 1347 673 oluere
1382 621 1566 673 meae?

341 686 458 740 Hoc
495 689 654 741 etiam
689 707 847 759 grave
885 693 1020 754 erat,
1062 691 1209 742 nulla
1232 690 1469 743 mercede
1505 689 1820 760 hyacinthos

409 758 611 811 Inicere
649 763 702 811 et
737 760 905 812 fracto
943 761 1098 813 busta
1133 761 1276 829 piare
1314 761 1458 814 cado,

258 836 312 876 35
338 827 638 897 Lygdamus
676 833 869 898 uratur,
909 830 1188 882 candescat
1221 831 1418 883 lamina
1452 848 1668 884 vernae:

409 897 561 951 Sensi
598 917 722 969 eg0,
763 918 880 952 cum
916 901 1121 953 insidiis
1157 900 1355 969 pallida
1391 901 1512 953 vina
1547 901 1672 954 bibi.

339 967 415 1019 At
449 968 649 1021 Nomas
688 988 903 1022 arcanas
939 971 1096 1023 tollat
1133 974 1340 1023 versuta
1375 971 1593 1024 salivas:

408 1038 564 1091 Dicet
601 1040 873 1092 damnatas
910 1040 1067 1110 ignea
1101 1044 1237 1093 testa
1272 1059 1474 1094 manus„

340 1107 483 1170 Quae
521 1110 677 1162 modo
715 1129 810 1179 per
849 1111 973 1163 viles
1010 1111 1299 1179 inspectast
1330 1112 1543 1180 puplica
1576 1113 1775 1182 noctes,

256 1188 311 1227 40
406 1178 551 1231 Haec
586 1199 728 1232 nunc
766 1186 946 1232 aurata
981 1181 1193 1249 cyclade
1231 1182 1408 1251 signat
1442 1181 1660 1234 humum

337 1248 411 1300 Et
446 1251 690 1317 graviora
724 1251 966 1319 rependit
1001 1251 1195 1319 iniquis
1230 1269 1396 1320 pensa
1432 1252 1682 1320 quasilliS,

409 1318 631 1372 Garrula
667 1320 729 1373 de
767 1321 901 1373 facie
939 1321 1086 1389 siqua
1121 1322 1296 1373 locuta
1330 1326 1524 1374 meast:

335 1389 634 1458 Nostraque
660 1392 797 1459 quod
810 1391 988 1443 Petale
1008 1392 1132 1443 tulit
1150 1391 1214 1443 ad
1237 1392 1564 1445 monimenta
1583 1409 1821 1463 coronas,

407 1458 615 1512 Codicis
653 1461 894 1513 inmundi
930 1462 1138 1513 vincula
1175 1462 1337 1514 sentit
1373 1480 1531 1515 anus:

254 1539 308 1578 45
336 1529 584 1582 Caeditur
621 1534 674 1582 et
709 1531 903 1600 Lalage
940 1532 1095 1583 tortis
1134 1550 1387 1601 suspensa
1423 1532 1643 1601 capillis,

405 1599 506 1652 Per
541 1618 736 1652 nomen
773 1602 1071 1669 quoniamst
1116 1620 1240 1654 ausa
1274 1620 1462 1671 rogare
1497 1621 1688 1656 meum.

334 1669 407 1722 Te
444 1671 676 1738 patiente
712 1690 858 1723 meae
896 1672 1144 1724 conflavit
1179 1673 1428 1741 imaginis
1465 1691 1664 1741 aurum,

404 1740 639 1793 Ardente
677 1760 704 1793 e
741 1745 922 1793 nostro
961 1742 1136 1794 dotem
1172 1741 1415 1799 habitura
1449 1760 1597 1812 rogo,

333 1809 458 1863 Non
492 1813 671 1863 tamen
707 1812 959 1880 insector,
999 1813 1232 1880 quamvis
1269 1827 1523 1880 mereare,
1549 1812 1816 1882 Properti:

252 1889 307 1929 50
401 1880 588 1949 Longa
623 1899 740 1933 mea
775 1882 833 1933 in
868 1882 1017 1934 libris
1054 1900 1219 1951 regna
1253 1883 1398 1934 fuere
1433 1883 1554 1935 tuis,

333 1949 454 2002 Iuro
492 1969 590 2020 ego
627 1951 879 2004 Fatorum
913 1952 1047 2004 nulli
1083 1952 1370 2004 revolubile
1407 1970 1641 2021 carmen,

402 2020 849 2090 Tergeminusque
887 2023 1030 2074 canis
1068 2022 1142 2074 sic
1178 2022 1308 2074 mihi
1344 2023 1504 2074 molle
1541 2025 1709 2092 sonet,

336 2090 419 2142 Me
456 2109 687 2144 servasse
724 2092 895 2144 fidem.
935 2093 980 2144 si
1016 2091 1173 2160 fallo,
1213 2092 1391 2160 vipera
1425 2093 1621 2144 nostris

403 2160 590 2213 Sibilet
624 2162 680 2213 in
716 2162 933 2214 tumulis
971 2165 1023 2214 et
1047 2180 1203 2230 super
1239 2180 1358 2214 ossa
1395 2163 1563 2215 cubet.

250 2240 304 2279 55
329 2229 468 2282 Nam
505 2232 767 2300 geminast
804 2232 951 2284 sedes
987 2235 1194 2300 turpem
1241 2233 1426 2284 sortita
1459 2250 1555 2300 per
1589 2251 1812 2302 amnem,

402 2300 677 2370 Turbaque
715 2302 918 2354 diversa
941 2303 1166 2371 remigat
1202 2303 1372 2354 omnis
1409 2320 1557 2370 aqua.

331 2372 365 2434 †
384 2369 504 2422 Vna
525 2370 932 2439 Clytaemestrae
962 2375 1199 2440 stuprum
1227 2371 1385 2440 vehit,
1412 2373 1577 2424 altera
1596 2371 1813 2427 Cressae

402 2440 436 2503 †
455 2441 639 2493 Portat
662 2443 911 2494 mentitae
947 2443 1125 2511 lignea
1159 2445 1397 2494 monstra
1434 2442 1598 2495 bovis.

330 2510 469 2562 Ecce
507 2515 755 2564 coronato
792 2530 913 2580 pars
948 2513 1111 2564 altera
1146 2515 1295 2564 vecta
1328 2512 1560 2581 phaselo,

250 2591 304 2630 60
398 2581 597 2633 Mulcet
631 2583 722 2634 ubi
758 2582 965 2650 Elysias
1003 2601 1127 2634 aura
1162 2582 1316 2634 beata
1349 2600 1512 2649 10838,

332 2649 445 2712 Qua
468 2669 748 2704 numerosa
771 2652 914 2720 fides,
942 2670 1145 2720 quaque
1178 2670 1298 2703 aera
1320 2652 1547 2704 rutunda
1571 2651 1809 2722 Cybebes

401 2721 730 2789 Mitratisque
769 2725 962 2773 sonant
985 2722 1149 2790 Lydia
1173 2722 1371 2790 plectra
1408 2722 1597 2774 choris,

331 2790 769 2860 Andromedeque
817 2795 870 2844 et
904 2791 1279 2860 Hypermestre
1327 2793 1439 2845 sine
1484 2793 1664 2846 fraude
1700 2811 1807 2846 ma-

1227 2863 1359 2915 ritae
