1936 3112
227 139 294 190 38
859 147 1191 192 PROPERTH·
1696 144 1817 209 [vn.

331 279 456 332 Non
492 280 635 332 iuvat
670 281 727 332 in
764 299 918 334 caeco
944 282 1205 335 Venerem
1244 302 1574 353 corrumpere
1610 285 1781 337 motu:

404 350 459 402 Si
495 352 689 419 nesciS,
729 352 868 404 oculi
905 356 1029 404 sunt
1064 354 1121 405 in
1159 372 1336 406 amore
1374 354 1546 407 duces,

331 419 451 487 Ipse
488 421 633 473 Paris
672 422 814 473 nuda
849 423 1015 475 fertur
1049 424 1267 491 periisse
1303 423 1563 492 Lacaena,

405 490 537 543 Cum
574 491 848 544 Menelaeo
886 511 974 544 sur
1014 496 1124 545 eret
1161 512 1187 546 e
1223 494 1482 562 thalamO‚

253 568 305 610 15
330 560 517 613 Nudus
556 564 609 613 et
644 561 950 631 Endymion
1031 563 1187 615 hoebi
1224 565 1423 633 cepisse
1461 583 1694 617 sororem

404 630 610 683 Dicitur
648 634 700 683 et
733 633 905 685 nudae
942 634 1284 686 concubuisse
1322 634 1462 687 deae.

335 701 486 763 Quod
525 703 570 753 si
605 702 923 770 pertendens
962 704 1138 755 animo
1176 703 1366 756 vestita
1403 704 1635 774 cubaris,

405 771 579 823 Scissa
615 775 758 824 veste
794 791 936 824 meas
974 774 1238 842 experiere
1274 792 1483 826 manus:

335 841 475 903 Quin
512 842 695 910 etiam,
736 843 780 894 si
816 861 900 894 me
936 843 1154 895 ulterius
1190 845 1488 912 provexerit
1523 845 1624 914 ira,

251 922 307 961 20
404 911 661 964 Ostendes
699 913 855 964 matri
891 913 1109 965 brachia
1144 914 1286 966 laesa
1320 917 1457 967 tuae.

335 982 574 1034 Necdum
598 983 880 1035 inclinatae
904 983 1188 1051 prohibent
1210 987 1263 1036 te
1288 984 1464 1036 ludere
1489 1002 1773 1037 mammae:

404 1052 612 1104 Viderit
648 1052 802 1120 haec,
841 1054 1044 1121 siquam
1081 1055 1187 1106 iam
1223 1055 1488 1123 peperisse
1524 1054 1703 1123 pudet.

335 1122 475 1174 Dum
511 1141 609 1174 nos
646 1123 758 1174 fata
794 1123 996 1191 sinunt,
1042 1125 1220 1176 oculos
1259 1125 1507 1176 satiemus
1544 1142 1746 1178 amore:

407 1192 528 1245 Nox
565 1193 664 1244 tibi
702 1193 865 1262 longa
900 1194 1046 1246 venit
1079 1212 1178 1247 nec
1213 1194 1445 1246 reditura
1481 1194 1608 1247 dies,

255 1274 308 1313 25
333 1263 509 1330 Atque
546 1263 749 1315 utinam
785 1263 1061 1316 haerentes
1099 1264 1175 1317 sic
1210 1282 1309 1316 nos
1347 1265 1543 1316 vincire
1581 1267 1764 1318 catena

406 1333 611 1401 VelleS,
648 1335 708 1384 ut
742 1351 1032 1402 numquam
1069 1335 1296 1387 solveret
1330 1335 1439 1387 ulla
1475 1334 1609 1388 dies!

336 1403 595 1471 Exemplo
634 1404 842 1455 iunctae
879 1404 978 1455 tibi
1015 1405 1124 1456 sint
1158 1405 1216 1456 in
1251 1422 1428 1456 amore
1466 1404 1760 1474 columbae,

405 1473 669 1525 Masculus
709 1476 762 1525 et
796 1476 968 1525 totum
1004 1475 1203 1526 femina
1239 1474 1556 1544 coniugium.

334 1544 516 1611 Errat,
555 1544 645 1611 qui
681 1544 840 1595 finem
875 1545 1054 1596 vesani
1092 1545 1296 1613 quaerit
1332 1545 1552 1597 amoris:

255 1626 310 1664 30
403 1614 574 1667 Verus
612 1632 758 1665 amor
794 1614 998 1666 nullum
1034 1615 1185 1666 novit
1220 1614 1414 1667 habere
1449 1615 1679 1669 modum.

336 1685 496 1736 Terra
533 1685 677 1751 prius
714 1684 847 1736 salso
884 1687 1038 1752 partu
1075 1685 1286 1737 deludet
1318 1686 1527 1737 arantes
1535 1725 1552 1754 ,

405 1754 478 1806 Et
514 1754 667 1806 citius
703 1754 887 1823 nigros
913 1753 1005 1807 Sol
1041 1755 1264 1824 agitabit
1299 1772 1461 1824 equos
1470 1796 1485 1823 ,

337 1824 682 1892 Fluminaque
719 1825 785 1875 ad
822 1827 979 1893 caput
1013 1825 1271 1893 incipient
1303 1842 1549 1878 revocare
1573 1825 1819 1895 liquores,

406 1895 602 1946 Aridus
639 1895 693 1946 et
729 1895 867 1946 sicco
905 1895 1116 1964 gurgite
1152 1895 1313 1963 piscis
1350 1895 1472 1964 erit,

254 1976 308 2016 35
337 1965 503 2026 Quam
540 1964 739 2032 possim
776 1967 986 2016 nostros
1023 1965 1126 2017 alio
1162 1965 1447 2018 transferre
1485 1965 1715 2018 dolores:

407 2035 575 2086 Huius
614 2052 702 2086 ero
737 2035 912 2102 viVUS‚
950 2038 1188 2087 mortuus
1224 2035 1379 2088 huius
1417 2053 1522 2088 ero,

338 2105 488 2166 Quod
524 2104 656 2156 mihi
694 2104 737 2156 si
775 2122 953 2156 secum
988 2106 1120 2157 tales
1160 2105 1443 2158 concedere
1479 2107 1662 2158 noctes

406 2175 506 2227 Illa
540 2174 695 2242 velit7
733 2175 870 2226 vitae
907 2175 1100 2244 longus
1138 2178 1191 2227 et
1226 2193 1395 2227 annus
1433 2175 1555 2228 erit:

338 2246 393 2298 Si
431 2245 578 2296 dabit
611 2244 740 2296 haec
776 2245 969 2296 multas
979 2285 993 2312 ,
1031 2245 1154 2296 fiam
1191 2245 1486 2297 inmortalis
1522 2245 1580 2297 in
1615 2245 1749 2300 illis:

252 2326 309 2366 40
403 2315 576 2368 Nocte
612 2333 717 2366 una
753 2315 922 2383 quivis
958 2315 1043 2367 vel
1079 2317 1205 2367 deus
1242 2333 1356 2368 esse
1391 2317 1581 2384 potest.

338 2385 555 2447 Qualem
593 2385 638 2437 si
675 2385 852 2436 cuncti
890 2387 1141 2453 cuperent
1177 2384 1448 2437 decurrere
1482 2385 1645 2437 vitam

404 2455 478 2508 Et
512 2454 680 2523 pressi
715 2455 881 2507 multo
918 2455 1152 2507 membra
1187 2454 1356 2507 iacere
1391 2472 1562 2523 mer0,

336 2525 461 2578 Non
496 2526 693 2577 ferrum
731 2525 936 2577 crudele
971 2543 1140 2593 neque
1177 2527 1315 2577 esset
1347 2524 1538 2577 bellica
1571 2525 1745 2594 navi8‚

405 2595 519 2648 Nec
554 2598 737 2647 nostra
771 2595 1048 2647 Actiacum
1085 2596 1310 2647 verteret
1344 2612 1463 2647 ossa
1498 2613 1666 2662 mare,

252 2677 307 2716 45
333 2666 446 2719 Nec
482 2665 676 2717 totiens
712 2664 939 2733 propriis
978 2665 1173 2717 circum
1199 2667 1504 2734 oppugnata
1536 2665 1816 2733 triumphis

406 2735 567 2787 Lassa
603 2736 741 2787 foret
777 2735 947 2787 crines
985 2735 1186 2786 solvere
1222 2734 1392 2786 Roma
1426 2752 1561 2787 suOS.

335 2806 480 2858 Haec
520 2807 658 2856 certe
694 2805 882 2857 merito
919 2806 1171 2873 poterunt
1206 2804 1418 2855 laudare
1454 2804 1711 2860 minores:

407 2876 693 2927 haeserunt
727 2874 902 2926 nullos
938 2874 1128 2943 pocula
1162 2877 1343 2926 nostra
1380 2874 1518 2928 deos,
1647 2883 1652 2886 '
