1936 3112
217 129 285 180 60
845 135 1165 181 PROPERTH
1624 135 1802 196 [xxxl.

320 269 481 321 Nulla
513 273 691 321 tamen
728 271 863 322 lecto
901 271 1088 339 recipit
1124 289 1180 323 se
1217 271 1329 323 sola
1365 271 1610 323 libenter:

390 339 489 391 Est
525 340 798 407 quiddam,
839 341 977 408 quod
1015 358 1107 392 vos
1145 359 1389 409 quaerere
1428 343 1586 410 cogat
1624 341 1799 392 Amor.

322 408 539 477 Semper
575 410 629 461 in
668 410 911 462 absentes
948 411 1153 462 felicior
1191 415 1363 464 aestus
1401 413 1661 463 amantes:

388 479 577 531 Elevat
614 480 858 532 adsiduos
897 481 1047 548 copia
1091 481 1252 549 longa
1287 482 1442 533 viros,

694 658 929 716 XXXII
974 659 1322 735 [XXXIIII].

319 758 426 813 Cur
449 761 725 828 quisquam
750 761 937 812 faciem
964 761 1206 813 dominae
1231 762 1336 812 iam
1362 761 1527 813 credit
1551 760 1756 814 amico?

388 830 474 883 Sic
512 834 690 898 erepta
725 830 855 882 mihi
892 849 1058 899 paene
1094 831 1268 899 puella
1303 835 1484 884 meast.

317 900 578 968 Expertus
617 901 734 952 dico
747 942 760 968 ,
800 904 1009 952 nemost
1044 901 1100 952 in
1138 918 1315 953 amore
1351 901 1547 954 fidelis:

386 970 695 1022 Formosam
732 989 849 1022 raro
887 988 997 1023 non
1034 971 1135 1023 sibi
1173 971 1391 1039 quisque
1428 972 1576 1040 petit.

269 1053 293 1090 5
321 1041 519 1092 Polluit
554 1041 644 1092 ille
682 1041 808 1093 deus
848 1043 1129 1110 cognatOS,
1168 1041 1325 1093 solvit
1361 1042 1555 1094 amicos
1565 1082 1580 1110 ,

387 1110 459 1163 Et
494 1112 626 1163 bene
665 1111 948 1163 concordes
984 1111 1157 1163 tristia
1193 1111 1258 1163 ad
1295 1130 1439 1163 arma
1474 1114 1644 1164 vocat.

316 1181 447 1233 Tros
486 1184 538 1233 et
573 1181 631 1232 in
666 1180 955 1249 hospitium
993 1181 1234 1233 Menelao
1271 1182 1417 1233 venit
1460 1181 1687 1234 adulter:

387 1251 599 1304 Colchis
638 1254 690 1303 et
725 1252 965 1321 ignotum
1001 1269 1178 1303 nonne
1217 1255 1394 1304 secuta
1430 1250 1686 1303 virumst?

316 1321 550 1390 LynceU,
588 1324 715 1373 tune
751 1339 923 1373 meam
957 1322 1202 1390 potuisti,
1240 1322 1459 1390 perfide,
1499 1339 1675 1374 curam

236 1403 288 1441 10
383 1391 657 1461 Tangere?
695 1409 873 1443 nonne
909 1395 1029 1443 tuae
1066 1394 1180 1443 tum
1219 1392 1451 1444 cecidere
1487 1391 1710 1443 manus?

316 1462 453 1523 Quid
491 1463 535 1514 si
570 1479 680 1513 non
718 1465 964 1513 constans
1001 1461 1092 1513 illa
1129 1465 1182 1514 et
1215 1465 1325 1514 tam
1362 1465 1505 1514 certa
1540 1461 1760 1514 fuisset?

385 1531 573 1585 Posses
610 1533 668 1583 in
703 1534 852 1584 tanto
891 1533 1062 1584 vivere
1098 1531 1337 1601 flagitio?

317 1602 396 1654 Tu
431 1602 563 1654 mihi
599 1602 682 1653 vel
717 1602 858 1653 ferro
897 1604 1076 1670 pectus
1112 1603 1196 1654 vel
1231 1602 1391 1670 perde
1428 1619 1657 1656 veneno:

384 1673 434 1723 A
471 1672 684 1724 domina
718 1674 926 1724 tantum
961 1674 1013 1723 te
1049 1672 1206 1724 modo
1243 1672 1372 1724 tolle
1414 1690 1544 1724 mea.

235 1754 284 1791 15
312 1742 384 1794 Te
423 1742 622 1794 socium
659 1742 821 1804 vitae,
859 1745 911 1793 te
949 1742 1183 1810 corporis
1221 1760 1333 1794 esse
1370 1742 1574 1810 licebit,

384 1811 458 1864 Te
496 1812 765 1864 dominum
804 1811 1023 1864 admitto
1061 1812 1237 1879 rebus,
1277 1812 1468 1880 amice,
1504 1812 1661 1866 meis=

314 1882 473 1934 Lecto
510 1884 563 1934 te
602 1883 798 1949 solum,
836 1883 971 1934 lecto
1009 1886 1062 1934 te
1100 1882 1352 1951 deprecor
1387 1899 1519 1935 uno:

382 1952 621 2004 Rivalem
657 1970 872 2020 possum
909 1970 1019 2004 non
1056 1970 1154 2021 ego
1192 1952 1329 2004 ferre
1365 1951 1561 2005 Iovem.

311 2023 433 2090 Ipse
468 2040 610 2074 meas
648 2022 816 2088 solus,
854 2022 995 2090 quod
1030 2022 1106 2073 nil
1145 2025 1248 2089 est,
1287 2022 1522 2074 aemulor
1557 2023 1767 2075 umbras
1779 2064 1793 2091 ,

230 2104 284 2142 20
381 2092 604 2160 Stultus,
645 2092 784 2160 quod
819 2093 965 2144 nullo
1004 2110 1158 2160 saepe
1193 2093 1382 2144 timore
1418 2095 1601 2145 tremo,

312 2163 432 2215 Vna
466 2165 645 2214 tamen
683 2165 912 2230 causast,
951 2180 1043 2214 cur
1079 2162 1301 2214 crimina
1335 2165 1485 2214 tanta
1519 2162 1757 2230 remitte,

381 2232 645 2284 Errabant
679 2232 846 2283 multo
884 2232 1021 2300 quod
1058 2234 1151 2283 tua
1185 2232 1344 2283 verba
1378 2249 1538 2285 mero,

313 2303 413 2354 Sed
449 2320 736 2370 numquam
774 2302 910 2353 vitae
947 2302 1096 2353 fallet
1131 2320 1214 2353 me
1249 2320 1382 2370 ruga
1419 2319 1653 2354 severae:

382 2372 578 2424 Omnes
615 2373 719 2423 iam
754 2374 973 2439 norunt,
1013 2389 1170 2440 quam
1207 2371 1277 2423 sit
1312 2389 1485 2424 amare
1520 2371 1734 2425 bonum.

230 2453 281 2491 25
309 2442 549 2509 Lynceus
587 2442 700 2509 ipse
735 2459 881 2493 meus
919 2459 1062 2493 seros
1100 2441 1299 2493 insanit
1335 2458 1553 2494 amores,

381 2511 561 2564 Solum
597 2514 651 2563 te
686 2514 897 2563 nostros
934 2511 1100 2563 laetor
1137 2511 1279 2563 adire
1317 2511 1456 2563 deos,

312 2581 450 2644 Quid
484 2584 576 2633 tua
613 2581 895 2634 Socraticis
931 2581 1031 2632 tibi
1066 2598 1207 2633 nunc
1245 2581 1504 2649 sapientia
1539 2580 1686 2633 libris

379 2651 621 2703 Proderit
656 2653 748 2702 aut
781 2669 954 2702 rerum
991 2651 1162 2702 dicere
1197 2668 1352 2719 posse
1388 2650 1539 2702 vias?

310 2723 420 2772 Aut
456 2721 581 2789 quid
619 2738 714 2788 epe
753 2719 872 2773 Chii
908 2720 1007 2772 tibi
1043 2723 1267 2788 prosunt
1291 2720 1524 2773 carmina
1547 2719 1719 2774 lecta?

228 2802 283 2841 30
375 2790 468 2843 Nil
503 2791 649 2842 iuvat
684 2791 742 2842 in
776 2807 970 2859 magno
1007 2792 1179 2842 vester
1213 2808 1389 2842 amore
1427 2807 1601 2843 senex·

309 2860 388 2913 Tu
426 2861 588 2913 satius
626 2877 912 2912 memorem
949 2860 1093 2912 lusus
1129 2860 1334 2912 imitere
1371 2859 1616 2912 Philetan
