1936 3112
135 113 253 171 vn]
811 114 989 158 LIBER
1024 114 1082 160 V.
1639 110 1733 162 107

205 248 473 318 Cepheam
507 249 596 303 hic
633 249 854 302 Meroen
887 249 1139 318 fuscaque
1175 267 1231 302 re
1311 268 1341 301 a
1379 252 1559 318 canat,

133 317 237 372 Hic
271 320 467 373 referat
501 337 617 373 sero
657 321 959 372 confessum
996 319 1206 372 foedere
1289 320 1524 372 arthum:

204 389 432 443 ‘Reddat
467 391 622 460 signa
657 390 826 459 Remi,
866 408 989 443 mox
1026 390 1174 442 dabit
1208 390 1322 459 ipse
1360 409 1478 443 sua:
1681 401 1738 441 80

135 458 256 513 Sive
293 461 495 530 aliquid
530 461 793 530 pharetris
832 462 1106 531 Augustus
1143 464 1326 530 parcet
1361 461 1507 529 Eois,

203 529 428 584 Differat
461 531 518 584 in
554 549 746 601 pueros
785 532 887 584 ista
921 534 1139 599 tropaea
1176 549 1315 583 suos,

34 630 36 632 v
133 599 330 670 Gaude,
370 601 572 670 Crasse,
611 603 792 672 nigras
831 601 1003 670 siquid
1041 602 1181 669 sapis
1219 602 1357 654 inter
1392 602 1639 654 harenas:

202 671 285 724 Ire
321 690 416 741 per
451 672 763 741 Euphraten
801 672 866 724 ad
898 675 990 724 tua
1025 666 1180 724 busta
1216 672 1377 725 licet.²

132 741 218 796 Sic
255 745 467 795 noctem
502 745 699 812 patera,
738 743 813 795 sic
851 743 1039 795 ducam
1078 743 1324 812 carmine,
1364 742 1534 798 donec
1680 752 1736 794 85

201 812 394 866 Iniciat
427 814 604 866 radios
642 814 699 866 in
735 831 853 866 mea
888 814 1013 866 vina
1050 813 1176 866 dies,

867 992 998 1053 VH.

132 1096 269 1150 Sunt
303 1096 504 1165 aliquid
540 1096 752 1149 Manes:
791 1096 956 1148 letum
993 1113 1105 1147 non
1131 1095 1311 1147 omnia
1346 1095 1482 1164 finit,

202 1166 499 1236 Luridaque
537 1167 735 1219 evictos
774 1166 962 1236 effugit
995 1166 1183 1218 umbra
1218 1183 1393 1236 rogos,
1575 1222 1579 1225 Α

132 1236 363 1306 Cynthia
397 1255 627 1306 namque
661 1255 781 1290 meo
819 1238 985 1290 visast
1019 1237 1325 1289 incumbere
1362 1237 1530 1290 fulcro
1541 1277 1558 1306 ,

201 1307 444 1360 Murmur
480 1307 546 1360 ad
584 1311 846 1360 extremae
882 1325 1052 1377 nuper
1086 1307 1304 1359 humata
1340 1307 1479 1375 viae,

132 1376 267 1431 Cum
303 1378 434 1431 mihi
471 1396 686 1431 somnus
724 1379 790 1432 ab
827 1379 1061 1447 exequiis
1096 1378 1353 1447 penderet
1388 1378 1599 1447 amoris,
1707 1389 1733 1429 5

200 1447 274 1501 Et
310 1466 556 1518 quererer
594 1449 719 1502 lecti
754 1449 951 1519 frigida
985 1467 1153 1519 regna
1187 1449 1308 1502 mei.

130 1518 367 1572 Eosdem
402 1519 590 1572 habuit
625 1537 820 1588 secum,
859 1520 1048 1588 quibus
1087 1522 1169 1572 est
1206 1521 1359 1588 elata,
1400 1520 1637 1589 capillos,

201 1589 435 1643 Eosdem
471 1591 681 1644 oculos:
721 1591 873 1643 lateri
909 1591 1071 1643 vestis
1110 1590 1296 1642 adusta
1331 1591 1459 1660 fuit,

130 1659 204 1713 Et
241 1660 458 1714 solitum
496 1661 550 1713 di
595 1661 666 1713 ‘to
704 1661 946 1730 beryllon
984 1661 1230 1713 adederat
1265 1662 1408 1730 ignis
1419 1703 1433 1729 ,

201 1730 518 1801 Summaque
601 1731 814 1784 ethaeus
850 1732 1069 1784 triverat
1105 1750 1199 1784 ora
1235 1732 1426 1800 liquor.
1680 1742 1735 1785 10

132 1801 501 1873 Spirantisque
537 1803 744 1854 animos
782 1805 835 1855 et
869 1820 1052 1855 vocem
1090 1803 1260 1854 misit:
1299 1805 1355 1854 at
1390 1802 1471 1855 illi

200 1871 493 1926 Pollicibus
530 1873 750 1943 fragiles
786 1873 1092 1942 increpuere
1128 1891 1342 1930 manus:

132 1942 357 1996 ‘Perfide
392 1961 492 1997 nec
529 1944 772 2013 cuiquam
806 1944 993 1996 melior
1031 1944 1286 2012 sperande
1322 1944 1557 2015 puellae,

201 2013 267 2066 In
300 2016 355 2067 te
391 2014 498 2067 iam
534 2015 671 2067 vires
709 2032 926 2068 somnus
950 2014 1145 2067 habere
1180 2016 1393 2083 potest?

133 2083 313 2137 Iamne
348 2085 452 2137 tibi
488 2084 796 2138 exciderunt
831 2085 1070 2156 vigilacis
1107 2085 1249 2138 furta
1285 2085 1518 2138 Suburae
1682 2097 1733 2139 15

201 2154 276 2208 Et
308 2172 428 2208 mea
463 2156 739 2208 nocturnis
774 2156 902 2208 trita
937 2157 1170 2209 fenestra
1206 2156 1379 2208 dolis?

131 2225 235 2278 Per
271 2243 428 2295 quam
465 2226 693 2279 demisso
732 2227 975 2296 quotiens
1011 2227 1112 2279 tibi
1148 2227 1274 2279 fune
1310 2227 1555 2297 pependi,

207 2296 430 2349 Alterna
464 2297 682 2350 veniens
719 2297 778 2350 in
812 2300 905 2350 tua
943 2298 1081 2350 colla
1116 2299 1300 2350 manu!

133 2366 301 2436 Saepe
344 2366 524 2420 Venus
559 2368 718 2420 trivio
757 2369 1086 2436 conmissast,
1124 2371 1337 2437 pectore
1374 2369 1540 2422 mixto

201 2437 464 2491 Fecerunt
497 2438 703 2507 tepidas
738 2439 902 2508 pallia
936 2442 1120 2492 nostra
1155 2439 1282 2492 viaS.
1678 2452 1735 2492 20

132 2507 382 2574 Foederis
417 2508 522 2561 heu
557 2509 731 2577 taciti,
771 2510 917 2563 cuius
954 2509 1165 2562 fallacia
1201 2510 1362 2563 verba

203 2577 330 2632 Non
366 2578 595 2632 audituri
633 2580 894 2649 diripuere
931 2580 1080 2634 Noti.

132 2649 208 2702 At
230 2648 364 2702 mihi
388 2667 500 2702 non
524 2650 705 2703 oculos
732 2651 1008 2720 quisquam
1033 2651 1339 2704 inclamavit
1374 2652 1573 2707 euntis:

202 2719 386 2773 Vnum
420 2720 769 2790 inpetrassem
805 2725 858 2774 te
895 2725 1176 2774 revocante
1214 2722 1377 2775 diem:

135 2789 247 2843 Nec
284 2791 488 2860 crepuit
521 2791 646 2844 fissa
680 2809 765 2844 me
802 2795 1019 2862 propter
1054 2792 1347 2846 harundine
1386 2798 1580 2863 custos,
1678 2806 1732 2846 25

204 2860 386 2914 Laesit
422 2864 475 2914 et
512 2862 777 2915 obiectum
814 2863 996 2934 tegula
1034 2866 1182 2916 curta
1220 2867 1392 2933 caput.
