1936 3112
119 111 302 188 xxn‘m
765 128 943 173 LIBER
983 129 1083 173 1111.
1653 120 1722 172 89

119 264 312 319 Omnia¹
347 261 619 318 Romanae
658 264 847 317 cedent
881 265 1134 317 miracula
1169 266 1366 317 terrae:

187 334 392 389 Natura
425 334 514 387 hic
549 335 751 404 posuit,
790 334 1043 404 quidquid
1079 334 1272 403 ubique
1309 335 1423 387 fuit.

118 406 297 459 Armis
335 407 458 476 apta
491 406 663 475 magis
700 406 884 471 telluS‚
924 423 1080 474 quam
1120 405 1396 457 commoda
1432 422 1625 457 noxae:

187 476 430 545 Famam,
470 475 666 542 Roma,
704 479 824 529 tuae
861 494 971 528 non
1008 476 1172 545 pudet
1206 475 1475 528 historiae.
1668 486 1722 523 20

116 546 256 600 Nam
294 549 549 617 quantum
584 547 751 612 ferro,
790 549 998 599 tantum
1036 547 1232 615 pietate
1275 548 1520 615 potentes

189 616 423 671 Stamus:
460 617 702 670 victrices
740 620 1000 686 temperat
1036 619 1115 668 ira
1152 635 1357 668 manus

24 674 27 676 ’
117 686 231 741 Ηίσ
258 687 400 741 Anio
438 687 673 740 Tiburne
710 688 852 756 fluis,
894 687 1192 740 Clitumnus
1231 688 1296 739 ab
1333 686 1535 740 Vmbro

187 757 444 826 Tramite,
485 761 538 811 et
574 761 846 810 aeternum
884 757 1113 810 Marcius
1151 776 1303 810 umor
1341 775 1500 825 opus,

117 829 358 881 Albanus
395 829 540 881 lacus
579 831 633 881 et
669 829 812 881 socia
847 828 1191 881 Nemorensis
1230 829 1295 880 ab
1333 828 1499 895 unda,
1668 838 1721 876 25

186 897 423 969 Potaque
459 898 692 951 Pollucis
730 898 947 968 lympha
983 898 1207 950 salubris
1247 916 1396 967 equo,

117 969 195 1022 At
228 987 340 1022 non
376 987 656 1039 squamoso
695 970 944 1022 labuntur
979 972 1163 1021 ventre
1202 971 1457 1037 cerastae,

187 1039 324 1093 Itala
358 1040 620 1110 portentis
656 1058 755 1092 nec
789 1040 908 1092 fluit
942 1040 1084 1091 unda
1119 1040 1271 1091 novis
1282 1081 1295 1106 ,

118 1110 244 1164 Non
269 1109 355 1163 hic
379 1110 750 1163 Andromedae
775 1114 1032 1163 resonant
1055 1128 1151 1179 pro
1178 1114 1348 1162 matre
1376 1113 1614 1176 catenae,

187 1181 303 1235 Nec
338 1182 522 1234 tremis
560 1182 849 1249 Ausonias,
889 1180 1102 1233 Phoebe
1140 1181 1347 1250 fugate,
1387 1180 1574 1249 dapes,
1668 1191 1723 1228 30

118 1251 235 1306 Nec
273 1252 516 1322 cuiquam
554 1252 796 1305 absentes
836 1254 1081 1304 arserunt
1116 1251 1173 1303 in
1212 1253 1370 1320 caput
1406 1251 1556 1320 ignes

188 1322 425 1376 Exitium
460 1325 587 1375 nato
625 1325 794 1376 matre
831 1324 1077 1375 movente
1115 1340 1235 1390 su0,

118 1392 357 1446 Penthea
391 1411 501 1445 non
539 1411 724 1446 saevae
759 1395 1018 1446 venantur
1054 1392 1111 1445 in
1148 1393 1334 1445 arbore
1370 1390 1636 1460 Bacchae,

188 1463 304 1518 Nec
341 1464 502 1516 solvit
537 1463 747 1516 Danaas
786 1463 997 1516 subdita
1034 1482 1188 1516 cerva
1223 1466 1364 1515 rates
1372 1504 1387 1531 ,

122 1533 333 1590 Cornua
367 1552 468 1587 nec
503 1535 670 1587 valuit
706 1552 920 1588 curvare
957 1535 1015 1586 in
1051 1534 1219 1603 pelice
1257 1534 1389 1586 Iuno
1668 1543 1722 1582 35

189 1606 301 1658 Aut
334 1605 527 1658 faciem
563 1604 1058 1708 turpi*dedecorare
1095 1605 1254 1673 bove,

1106 1675 1135 1707 οῖς

901 1716 930 1747 ²1:

119 1746 490 1816 Arboreasque
529 1765 708 1799 cruces
747 1745 888 1800 Sinis
927 1749 980 1798 et
1015 1764 1127 1798 non
1162 1745 1377 1814 hospita
1398 1744 1571 1810 ‘Grais

190 1815 328 1870 Saxa
364 1819 418 1869 et
453 1820 692 1870 curvatas
729 1818 787 1869 in
824 1835 918 1869 sua
953 1817 1063 1869 fata
1097 1817 1291 1869 trabes

120 1886 267 1940 Haec
312 1887 437 1952 tibi,
484 1887 660 1956 Tulle,
707 1905 923 1957 parens,
973 1887 1102 1939 haec
1151 1890 1233 1939 est
1276 1886 1631 1955 pulcherrima

1134 1958 1282 2010 sedes

190 2027 295 2081 Hic
329 2028 429 2080 tibi
466 2046 562 2097 pro
602 2029 765 2099 digna
801 2032 961 2099 gente
998 2029 1257 2098 petendus
1292 1999 1491 2095 lionos,
1671 2038 1726 2078 40

120 2098 225 2152 Hic
260 2099 359 2152 tibi
395 2098 461 2151 ad
499 2099 764 2167 eloquium
803 2100 942 2152 cives
954 2141 968 2166 ,
1007 2099 1094 2152 hic
1132 2099 1308 2168 ampla
1344 2102 1598 2167 nepotum

192 2168 322 2238 Spes
361 2171 415 2221 et
450 2171 700 2222 venturae
741 2170 982 2240 coniugis
1022 2172 1174 2238 aptus
1213 2187 1376 2222 amor.

816 2349 927 2408 XX
938 2349 1036 2410 [II.

120 2452 268 2520 Ergo
305 2454 415 2504 tam
454 2451 640 2504 doctae
675 2452 832 2504 nobis
868 2452 1070 2521 periere
1107 2452 1358 2520 tabellae,

194 2522 401 2592 Scripta
438 2522 627 2591 quibus
665 2522 862 2590 pariter
897 2525 981 2574 tot
1015 2523 1218 2591 periere
1255 2522 1411 2576 bona.

122 2593 235 2646 Has
270 2592 537 2662 quondam
573 2593 770 2645 nostris
807 2593 1048 2645 manibus
1087 2593 1371 2646 detriverat
1406 2611 1556 2663 USUS,

163 2662 294 2726 Qui
328 2680 439 2716 non
476 2663 712 2730 signatas
749 2663 903 2715 iussit
938 2662 1131 2716 habere
1168 2663 1339 2716 fidem.

122 2733 254 2787 Illae
290 2734 395 2786 iam
432 2733 546 2786 sine
583 2751 668 2786 me
704 2736 900 2786 norant
934 2734 1142 2802 placare
1180 2735 1383 2803 puellas

192 2803 266 2856 Et
300 2803 555 2873 quaedam
592 2804 704 2856 sine
742 2822 826 2856 me
862 2805 1022 2856 verba
1059 2805 1254 2856 diserta
1291 2805 1451 2874 loqui.

123 2874 251 2928 Non
284 2874 402 2927 illas
438 2875 601 2927 fixum
639 2893 785 2927 caras
824 2875 1066 2927 effecerat
1103 2894 1314 2929 aurum:
