1936 3112
98 86 260 147 xxx]
743 83 922 128 LIBER
957 83 1036 127 111.
1627 74 1690 125 57

167 221 242 275 Et
275 220 448 291 patr-ia
483 219 701 273 Phoebo
740 219 909 271 carius
948 218 1187 286 Ortygia.
1645 223 1696 261 10

96 291 164 346 In
199 309 303 360 quo
342 291 480 344 Solis
518 293 631 342 erat
666 308 826 358 supra
861 288 1077 356 fastigia
1113 303 1318 353 currus,

166 361 240 414 Et
273 361 482 428 valvae,
519 360 704 427 Libyci
740 360 920 411 nobile
958 358 1130 410 dentis
1168 376 1325 426 opusy

98 433 284 485 Altera
319 431 553 484 deiectos
591 430 810 482 Parnasi
846 429 1041 481 vertice
1080 428 1288 494 Gallos,

169 502 354 555 Altera
387 500 658 553 maerebat
692 501 880 552 funera
915 498 1238 551 Tantalidos,
1615 536 1617 539 .

99 571 306 625 Deinde
342 572 482 624 inter
517 574 742 623 matrem
780 570 907 622 deus
944 570 1057 638 ipse
1094 570 1333 635 interque
1371 583 1606 618 sororem
1646 574 1696 614 15

167 641 391 712 Pythius
427 642 484 693 in
521 641 684 710 longa
722 641 957 692 carmina
991 642 1138 691 veste
1176 640 1344 690 sonat.

646 820 814 879 XXX
862 819 1153 897 [xxxin.

100 923 203 987 Qui
238 922 405 991 videt,
445 922 490 975 is
526 921 734 991 peccat:
773 922 862 990 qui
899 925 951 974 te
988 940 1100 974 non
1136 920 1329 973 viderit
1366 936 1521 989 erg-0,

168 993 296 1047 Non
332 994 530 1062 cupiet:
568 994 695 1045 facti
732 993 934 1044 lumina
971 993 1170 1045 crimen
1206 991 1419 1043 habent.

99 1063 240 1118 Nam
313 1063 404 1116 uid
441 1063 714 1116 Praenesti
752 1063 937 1114 dubias
948 1104 962 1131 ‚
1003 1081 1033 1114 o
1073 1061 1327 1131 Cynthia,
1365 1062 1533 1112 sortes
1545 1101 1559 1128 ,

172 1082 313 1197 Quidl
346 1135 484 1203 petis
521 1133 687 1185 Aeaei
722 1134 934 1186 moenia
969 1133 1258 1202 Telegoni?

101 1204 210 1259 Cur
245 1207 338 1257 aut
371 1207 426 1257 te
462 1203 782 1256 Herculeum
819 1204 1101 1272 deportant
1138 1202 1319 1255 esseda
1355 1199 1555 1253 Tibur?
1672 1209 1699 1250 5

170 1275 349 1344 Appia
385 1292 476 1327 cur
511 1275 709 1326 totiens
746 1278 798 1326 te
835 1275 921 1326 via
958 1274 1103 1326 ducit
1138 1273 1306 1325 anus‘?

101 1345 218 1398 Hoc
251 1346 458 1398 utinam
493 1345 720 1414 spatiere
755 1345 901 1412 loc0‚
941 1344 1305 1413 quodcumque
1341 1341 1551 1394 vacabis
1561 1382 1577 1411 ,

176 1415 428 1484 Cynthia!
466 1434 591 1468 nam
627 1415 727 1467 tibi
761 1433 847 1467 me
885 1416 1094 1468 credere
1131 1415 1286 1466 turba
1321 1416 1491 1481 vetat,

104 1486 239 1539 Cum
276 1487 420 1539 videt
454 1486 689 1538 accensis
710 1485 968 1538 ·devotam
1007 1503 1212 1538 currere
1248 1484 1418 1536 taedis
1583 1529 1585 1531 .

160 1556 240 1609 ·In
275 1575 462 1609 nemus
500 1560 554 1608 et
589 1556 797 1608 Triviae
833 1557 1037 1609 lumina
1072 1556 1208 1608 ferre
1248 1555 1389 1607 deae.
1440 1598 1443 1602 ,
1650 1565 1702 1603 10

105 1626 318 1680 Scilicet
352 1627 616 1679 umbrosis
654 1627 833 1679 sordet
868 1627 1122 1696 Pompeia
1158 1626 1417 1678 columnis

175 1697 415 1750 Porticus
423 1738 438 1766 ,
478 1697 674 1749 aulaeis
709 1698 905 1749 nobilis
943 1698 1212 1764 Attalicis,

103 1768 177 1821 Et
211 1768 392 1820 creber
426 1768 659 1837 platanis
695 1768 893 1836 pariter
930 1768 1268 1838 surgentibus
1306 1766 1462 1835 ordO,
1543 1787 1547 1790 ⁴

173 1838 419 1891 Flumina
455 1840 625 1907 sopito
664 1856 897 1907 quaeque
935 1840 1146 1890 Anione
1184 1838 1379 1890 cadunt
1389 1878 1402 1903 ,

105 1909 209 1962 Tot
243 1909 429 1962 leviter
465 1908 695 1977 lymphis
732 1913 846 1961 tota
883 1909 1261 1978 crepitantibus
1297 1908 1426 1959 urbe
1653 1915 1701 1955 15

175 1979 311 2033 Oum
347 1979 521 2032 subito
560 1978 750 2031 Triton
787 1998 876 2032 ore
912 1979 1153 2032 recondit
1188 1997 1390 2047 aquam.

105 2050 353 2118 FalleriS,
391 2050 495 2102 ista
528 2050 608 2101 tui
643 2050 840 2102 furtum
880 2051 966 2102 via
1001 2052 1265 2102 monstrat
1301 2048 1520 2100 amoris:

174 2119 302 2174 Non
337 2119 548 2188 urbem,
589 2120 803 2173 demens
814 2163 828 2189 ,
866 2121 1068 2173 lumina
1103 2123 1289 2172 nostra
1322 2119 1490 2188 fugis:
1512 2133 1526 2149 ⁸

105 2190 200 2244 Nil
236 2190 376 2261 agiS,
414 2190 636 2243 insidias
673 2192 729 2243 in
766 2210 851 2243 me
889 2192 1146 2260 conponis
1182 2192 1389 2257 inanes,

176 2261 372 2314 Tendis
408 2261 550 2313 iners
587 2261 743 2314 docto
781 2263 916 2314 retia
950 2265 1078 2316 nota
1114 2261 1262 2314 mihi.
1648 2270 1703 2309 20

109 2331 213 2385 Sed
249 2332 314 2384 de
351 2350 436 2384 me
471 2332 647 2384 minus
685 2337 788 2386 est:
827 2333 999 2385 famae
1036 2333 1237 2385 iactura
1271 2331 1492 2401 pudicae

177 2402 350 2455 Tanta
384 2402 484 2454 tibi
520 2403 764 2471 miserae,
805 2406 1001 2472 quanta
1037 2403 1278 2470 mereriS‚
1318 2402 1431 2454 erit.

106 2472 291 2546 Nuper
326 2473 467 2525 enim
505 2472 568 2524 de
605 2477 658 2526 te
694 2478 904 2526 nostras
940 2477 1075 2541 †1ne
1111 2473 1274 2525 laedit
1310 2472 1375 2524 ad
1414 2489 1564 2524 aures

178 2544 401 2612 Rumor,
440 2547 493 2595 et
527 2544 585 2595 in
619 2547 733 2596 tota
768 2562 878 2596 non
914 2545 1084 2596 bonus
1121 2543 1250 2596 urbe
1285 2543 1402 2595 fuit.

109 2613 211 2667 Sed
247 2617 307 2666 tu
342 2631 453 2666 non
490 2613 647 2666 debes
684 2615 929 2667 inimicae
968 2615 1177 2667 credere
1214 2613 1452 2683 linguae:
1649 2622 1703 2662 25

179 2683 397 2753 Semper
432 2685 679 2737 formosis
716 2686 895 2737 fabula
930 2703 1102 2755 poena
1137 2684 1254 2736 fuit.

107 2753 233 2808 Non
269 2759 361 2807 tua
399 2754 657 2824 deprenso
696 2756 993 2808 damnatast
1028 2755 1172 2807 fama
1204 2772 1432 2807 veneno:

180 2825 353 2878 Testis
393 2826 495 2878 eris
531 2845 715 2895 puras,
757 2826 993 2895 Phoebe,
1035 2825 1211 2878 videre
1249 2843 1452 2878 manus;
