<?xml version="1.0" encoding="UTF-8"?>
<!DOCTYPE html PUBLIC "-//W3C//DTD XHTML 1.0 Transitional//EN"
    "http://www.w3.org/TR/xhtml1/DTD/xhtml1-transitional.dtd">
<html xmlns="http://www.w3.org/1999/xhtml" xml:lang="en" lang="en">
 <head>
  <title>
</title>
<meta http-equiv="Content-Type" content="text/html;charset=utf-8" />
  <meta name='ocr-system' content='tesseract 3.04.00' />
  <meta name='ocr-capabilities' content='ocr_page ocr_carea ocr_par ocr_line ocrx_word'/>
</head>
<body>
  <div class='ocr_page' id='page_1' title='image "./elegiaerecensuit00propuoft_0055.png"; bbox 0 0 1936 3112; ppageno 0'>
   <div class='ocr_carea' id='block_1_1' title="bbox 104 123 1702 195">
    <p class='ocr_par' dir='ltr' id='par_1_1' title="bbox 104 123 1702 195">
     <span class='ocr_line' id='line_1_1' title="bbox 104 123 1702 195; baseline -0.004 -13"><span class='ocrx_word' id='word_1_1' title='bbox 104 136 221 195; x_wconf 65' lang='lat' dir='ltr'>xx]</span> <span class='ocrx_word' id='word_1_2' title='bbox 384 189 390 194; x_wconf 55' lang='grc'>,</span> <span class='ocrx_word' id='word_1_3' title='bbox 754 137 932 181; x_wconf 78' lang='lat' dir='ltr'>LIBER</span> <span class='ocrx_word' id='word_1_4' title='bbox 967 135 1047 181; x_wconf 90' lang='lat'>111.</span> <span class='ocrx_word' id='word_1_5' title='bbox 1633 123 1702 176; x_wconf 83' lang='grc'>49</span> 
     </span>
    </p>
   </div>
   <div class='ocr_carea' id='block_1_2' title="bbox 101 270 1701 2863">
    <p class='ocr_par' dir='ltr' id='par_1_2' title="bbox 101 270 1701 2308">
     <span class='ocr_line' id='line_1_2' title="bbox 177 270 1312 340; baseline -0.005 -13"><span class='ocrx_word' id='word_1_6' title='bbox 177 273 360 340; x_wconf 79' lang='lat' dir='ltr'>Calve‚</span> <span class='ocrx_word' id='word_1_7' title='bbox 397 274 489 325; x_wconf 89' lang='lat' dir='ltr'>tua</span> <span class='ocrx_word' id='word_1_8' title='bbox 524 271 704 340; x_wconf 85' lang='lat' dir='ltr'>venia,</span> <span class='ocrx_word' id='word_1_9' title='bbox 742 289 897 340; x_wconf 82' lang='lat' dir='ltr'>pace,</span> <span class='ocrx_word' id='word_1_10' title='bbox 937 270 1169 337; x_wconf 84' lang='lat' dir='ltr'>Catulle,</span> <span class='ocrx_word' id='word_1_11' title='bbox 1206 270 1312 322; x_wconf 87' lang='lat' dir='ltr'>tua.</span> 
     </span>
     <span class='ocr_line' id='line_1_3' title="bbox 106 340 1701 413; baseline -0.006 -17"><span class='ocrx_word' id='word_1_12' title='bbox 106 342 261 396; x_wconf 84' lang='lat' dir='ltr'>Miles</span> <span class='ocrx_word' id='word_1_13' title='bbox 299 342 553 413; x_wconf 89' lang='lat' dir='ltr'>depositis</span> <span class='ocrx_word' id='word_1_14' title='bbox 591 360 822 394; x_wconf 87' lang='lat' dir='ltr'>annosus</span> <span class='ocrx_word' id='word_1_15' title='bbox 859 341 1072 394; x_wconf 87' lang='lat' dir='ltr'>secubat</span> <span class='ocrx_word' id='word_1_16' title='bbox 1107 340 1266 392; x_wconf 90' lang='lat' dir='ltr'>armis</span> <span class='ocrx_word' id='word_1_17' title='bbox 1276 381 1290 407; x_wconf 64' lang='lat'>7</span> <span class='ocrx_word' id='word_1_18' title='bbox 1567 362 1571 366; x_wconf 89' lang='lat'><em>-</em></span> <span class='ocrx_word' id='word_1_19' title='bbox 1674 347 1701 386; x_wconf 85' lang='lat'>5</span> 
     </span>
     <span class='ocr_line' id='line_1_4' title="bbox 177 410 1471 482; baseline -0.005 -16"><span class='ocrx_word' id='word_1_20' title='bbox 177 412 576 481; x_wconf 81' lang='lat' dir='ltr'>Grandaevique</span> <span class='ocrx_word' id='word_1_21' title='bbox 611 415 814 482; x_wconf 87' lang='lat' dir='ltr'>negant</span> <span class='ocrx_word' id='word_1_22' title='bbox 850 411 1037 464; x_wconf 91' lang='lat' dir='ltr'>ducere</span> <span class='ocrx_word' id='word_1_23' title='bbox 1074 414 1246 462; x_wconf 87' lang='lat' dir='ltr'>aratra</span> <span class='ocrx_word' id='word_1_24' title='bbox 1281 410 1440 461; x_wconf 92' lang='lat' dir='ltr'>boves</span> <span class='ocrx_word' id='word_1_25' title='bbox 1455 448 1471 476; x_wconf 89' lang='lat'><em>‚</em></span> 
     </span>
     <span class='ocr_line' id='line_1_5' title="bbox 105 481 1385 551; baseline -0.004 -15"><span class='ocrx_word' id='word_1_26' title='bbox 105 482 283 536; x_wconf 88' lang='lat' dir='ltr'>Putris</span> <span class='ocrx_word' id='word_1_27' title='bbox 321 485 375 535; x_wconf 92' lang='lat' dir='ltr'>et</span> <span class='ocrx_word' id='word_1_28' title='bbox 409 483 467 535; x_wconf 91' lang='lat' dir='ltr'>in</span> <span class='ocrx_word' id='word_1_29' title='bbox 501 500 666 534; x_wconf 87' lang='lat' dir='ltr'>vacua</span> <span class='ocrx_word' id='word_1_30' title='bbox 700 481 982 551; x_wconf 87' lang='lat' dir='ltr'>requiescit</span> <span class='ocrx_word' id='word_1_31' title='bbox 1015 481 1165 533; x_wconf 88' lang='lat' dir='ltr'>navis</span> <span class='ocrx_word' id='word_1_32' title='bbox 1203 498 1385 544; x_wconf 83' lang='lat' dir='ltr'>arena,</span> 
     </span>
     <span class='ocr_line' id='line_1_6' title="bbox 175 551 1414 621; baseline -0.004 -15"><span class='ocrx_word' id='word_1_33' title='bbox 175 551 250 606; x_wconf 74' lang='lat' dir='ltr'>Et</span> <span class='ocrx_word' id='word_1_34' title='bbox 283 556 432 606; x_wconf 86' lang='lat' dir='ltr'>vetus</span> <span class='ocrx_word' id='word_1_35' title='bbox 469 552 527 605; x_wconf 93' lang='lat' dir='ltr'>in</span> <span class='ocrx_word' id='word_1_36' title='bbox 561 553 760 621; x_wconf 86' lang='lat' dir='ltr'>templo</span> <span class='ocrx_word' id='word_1_37' title='bbox 799 552 988 604; x_wconf 90' lang='lat' dir='ltr'>bellica</span> <span class='ocrx_word' id='word_1_38' title='bbox 1023 569 1205 620; x_wconf 91' lang='lat' dir='ltr'>parma</span> <span class='ocrx_word' id='word_1_39' title='bbox 1241 553 1414 602; x_wconf 80' lang='lat' dir='ltr'>vacat:</span> 
     </span>
     <span class='ocr_line' id='line_1_7' title="bbox 106 622 1478 687; baseline -0.003 -12"><span class='ocrx_word' id='word_1_40' title='bbox 106 623 182 675; x_wconf 88' lang='lat' dir='ltr'>At</span> <span class='ocrx_word' id='word_1_41' title='bbox 216 641 301 676; x_wconf 92' lang='lat' dir='ltr'>me</span> <span class='ocrx_word' id='word_1_42' title='bbox 337 623 403 676; x_wconf 86' lang='lat' dir='ltr'>ab</span> <span class='ocrx_word' id='word_1_43' title='bbox 440 640 615 675; x_wconf 91' lang='lat' dir='ltr'>amore</span> <span class='ocrx_word' id='word_1_44' title='bbox 650 625 742 674; x_wconf 92' lang='lat' dir='ltr'>tuo</span> <span class='ocrx_word' id='word_1_45' title='bbox 782 622 993 674; x_wconf 90' lang='lat' dir='ltr'>diducet</span> <span class='ocrx_word' id='word_1_46' title='bbox 1027 622 1175 673; x_wconf 87' lang='lat' dir='ltr'>nulla</span> <span class='ocrx_word' id='word_1_47' title='bbox 1211 623 1451 673; x_wconf 85' lang='lat' dir='ltr'>senectus</span> <span class='ocrx_word' id='word_1_48' title='bbox 1463 660 1478 687; x_wconf 91' lang='lat'>‚</span> 
     </span>
     <span class='ocr_line' id='line_1_8' title="bbox 177 691 1701 763; baseline -0.005 -17"><span class='ocrx_word' id='word_1_49' title='bbox 177 691 297 746; x_wconf 87' lang='lat' dir='ltr'>Sive</span> <span class='ocrx_word' id='word_1_50' title='bbox 334 710 434 763; x_wconf 86' lang='lat' dir='ltr'>ego</span> <span class='ocrx_word' id='word_1_51' title='bbox 471 692 730 745; x_wconf 76' lang='lat' dir='ltr'><strong>Tithonus</strong></span> <span class='ocrx_word' id='word_1_52' title='bbox 768 693 876 745; x_wconf 91' lang='lat' dir='ltr'>sive</span> <span class='ocrx_word' id='word_1_53' title='bbox 914 710 1012 761; x_wconf 83' lang='lat' dir='ltr'>ego</span> <span class='ocrx_word' id='word_1_54' title='bbox 1047 691 1246 745; x_wconf 87' lang='lat' dir='ltr'>Nestor</span> <span class='ocrx_word' id='word_1_55' title='bbox 1283 708 1386 743; x_wconf 92' lang='lat' dir='ltr'>er0.</span> <span class='ocrx_word' id='word_1_56' title='bbox 1650 700 1701 739; x_wconf 91' lang='lat'>10</span> 
     </span>
     <span class='ocr_line' id='line_1_9' title="bbox 105 762 1296 830; baseline -0.003 -14"><span class='ocrx_word' id='word_1_57' title='bbox 105 762 299 816; x_wconf 87' lang='lat' dir='ltr'>Nonne</span> <span class='ocrx_word' id='word_1_58' title='bbox 335 764 437 816; x_wconf 86' lang='lat' dir='ltr'>fuit</span> <span class='ocrx_word' id='word_1_59' title='bbox 472 764 635 815; x_wconf 88' lang='lat' dir='ltr'>satius</span> <span class='ocrx_word' id='word_1_60' title='bbox 673 763 802 814; x_wconf 90' lang='lat' dir='ltr'>duro</span> <span class='ocrx_word' id='word_1_61' title='bbox 841 763 1033 814; x_wconf 84' lang='lat' dir='ltr'>servire</span> <span class='ocrx_word' id='word_1_62' title='bbox 1070 765 1296 830; x_wconf 85' lang='lat' dir='ltr'>tyranno</span> 
     </span>
     <span class='ocr_line' id='line_1_10' title="bbox 175 830 1408 903; baseline -0.003 -17"><span class='ocrx_word' id='word_1_63' title='bbox 175 832 249 886; x_wconf 81' lang='lat' dir='ltr'>Et</span> <span class='ocrx_word' id='word_1_64' title='bbox 281 851 494 903; x_wconf 87' lang='lat' dir='ltr'>gemere</span> <span class='ocrx_word' id='word_1_65' title='bbox 531 834 587 885; x_wconf 91' lang='lat' dir='ltr'>in</span> <span class='ocrx_word' id='word_1_66' title='bbox 623 837 801 900; x_wconf 83' lang='lat' dir='ltr'>tauro,</span> <span class='ocrx_word' id='word_1_67' title='bbox 841 851 992 885; x_wconf 90' lang='lat' dir='ltr'>saeve</span> <span class='ocrx_word' id='word_1_68' title='bbox 1028 832 1242 900; x_wconf 84' lang='lat' dir='ltr'>Perille,</span> <span class='ocrx_word' id='word_1_69' title='bbox 1280 830 1408 884; x_wconf 83' lang='lat' dir='ltr'>tuo‘?</span> 
     </span>
     <span class='ocr_line' id='line_1_11' title="bbox 107 900 1400 974; baseline -0.003 -18"><span class='ocrx_word' id='word_1_70' title='bbox 107 901 373 974; x_wconf 82' lang='lat' dir='ltr'>Gorgonis</span> <span class='ocrx_word' id='word_1_71' title='bbox 412 906 464 956; x_wconf 87' lang='lat' dir='ltr'>et</span> <span class='ocrx_word' id='word_1_72' title='bbox 500 905 662 956; x_wconf 90' lang='lat' dir='ltr'>satius</span> <span class='ocrx_word' id='word_1_73' title='bbox 699 903 800 955; x_wconf 89' lang='lat' dir='ltr'>fuit</span> <span class='ocrx_word' id='word_1_74' title='bbox 837 903 1180 956; x_wconf 83' lang='lat' dir='ltr'>obdurescere</span> <span class='ocrx_word' id='word_1_75' title='bbox 1216 900 1400 954; x_wconf 78' lang='lat' dir='ltr'>vultu?</span> 
     </span>
     <span class='ocr_line' id='line_1_12' title="bbox 176 972 1255 1042; baseline -0.002 -15"><span class='ocrx_word' id='word_1_76' title='bbox 176 972 454 1027; x_wconf 81' lang='lat' dir='ltr'>Caucasias</span> <span class='ocrx_word' id='word_1_77' title='bbox 492 974 649 1026; x_wconf 87' lang='lat' dir='ltr'>etiam</span> <span class='ocrx_word' id='word_1_78' title='bbox 685 974 730 1026; x_wconf 89' lang='lat' dir='ltr'>si</span> <span class='ocrx_word' id='word_1_79' title='bbox 765 976 1063 1042; x_wconf 89' lang='lat' dir='ltr'>pateremur</span> <span class='ocrx_word' id='word_1_80' title='bbox 1098 972 1255 1025; x_wconf 80' lang='lat' dir='ltr'>aves?</span> 
     </span>
     <span class='ocr_line' id='line_1_13' title="bbox 106 1043 1699 1113; baseline -0.003 -16"><span class='ocrx_word' id='word_1_81' title='bbox 106 1043 209 1098; x_wconf 83' lang='lat' dir='ltr'>Sed</span> <span class='ocrx_word' id='word_1_82' title='bbox 244 1047 424 1097; x_wconf 89' lang='lat' dir='ltr'>tamen</span> <span class='ocrx_word' id='word_1_83' title='bbox 459 1045 729 1097; x_wconf 89' lang='lat' dir='ltr'>obsistam.</span> <span class='ocrx_word' id='word_1_84' title='bbox 793 1044 982 1097; x_wconf 88' lang='lat' dir='ltr'>teritur</span> <span class='ocrx_word' id='word_1_85' title='bbox 1017 1044 1262 1113; x_wconf 87' lang='lat' dir='ltr'>rubigine</span> <span class='ocrx_word' id='word_1_86' title='bbox 1297 1061 1478 1095; x_wconf 87' lang='lat' dir='ltr'>mucro</span> <span class='ocrx_word' id='word_1_87' title='bbox 1649 1052 1699 1092; x_wconf 89' lang='lat'>15</span> 
     </span>
     <span class='ocr_line' id='line_1_14' title="bbox 174 1114 1308 1183; baseline -0.001 -16"><span class='ocrx_word' id='word_1_88' title='bbox 174 1114 396 1167; x_wconf 88' lang='lat' dir='ltr'>Ferreus</span> <span class='ocrx_word' id='word_1_89' title='bbox 433 1117 487 1167; x_wconf 90' lang='lat' dir='ltr'>et</span> <span class='ocrx_word' id='word_1_90' title='bbox 521 1132 684 1183; x_wconf 89' lang='lat' dir='ltr'>parvo</span> <span class='ocrx_word' id='word_1_91' title='bbox 722 1132 877 1183; x_wconf 88' lang='lat' dir='ltr'>saepe</span> <span class='ocrx_word' id='word_1_92' title='bbox 914 1114 1116 1182; x_wconf 92' lang='lat' dir='ltr'>liquore</span> <span class='ocrx_word' id='word_1_93' title='bbox 1154 1114 1308 1166; x_wconf 85' lang='lat' dir='ltr'>silex:</span> 
     </span>
     <span class='ocr_line' id='line_1_15' title="bbox 103 1184 1445 1238; baseline -0.001 -1"><span class='ocrx_word' id='word_1_94' title='bbox 103 1185 180 1237; x_wconf 87' lang='lat' dir='ltr'>At</span> <span class='ocrx_word' id='word_1_95' title='bbox 214 1185 362 1238; x_wconf 90' lang='lat' dir='ltr'>nullo</span> <span class='ocrx_word' id='word_1_96' title='bbox 399 1184 644 1237; x_wconf 91' lang='lat' dir='ltr'>dominae</span> <span class='ocrx_word' id='word_1_97' title='bbox 679 1185 867 1237; x_wconf 84' lang='lat' dir='ltr'>teritur</span> <span class='ocrx_word' id='word_1_98' title='bbox 902 1185 1173 1237; x_wconf 89' lang='lat' dir='ltr'>molimine</span> <span class='ocrx_word' id='word_1_99' title='bbox 1218 1187 1445 1236; x_wconf 84' lang='lat' dir='ltr'>amator:</span> 
     </span>
     <span class='ocr_line' id='line_1_16' title="bbox 174 1254 1373 1321; baseline -0.001 -14"><span class='ocrx_word' id='word_1_100' title='bbox 174 1254 362 1308; x_wconf 84' lang='lat' dir='ltr'>Restat</span> <span class='ocrx_word' id='word_1_101' title='bbox 397 1257 452 1307; x_wconf 88' lang='lat' dir='ltr'>et</span> <span class='ocrx_word' id='word_1_102' title='bbox 485 1256 731 1321; x_wconf 88' lang='lat' dir='ltr'>inmerita</span> <span class='ocrx_word' id='word_1_103' title='bbox 767 1255 992 1307; x_wconf 90' lang='lat' dir='ltr'>sustinet</span> <span class='ocrx_word' id='word_1_104' title='bbox 1027 1273 1150 1307; x_wconf 90' lang='lat' dir='ltr'>aure</span> <span class='ocrx_word' id='word_1_105' title='bbox 1186 1255 1373 1307; x_wconf 80' lang='lat' dir='ltr'>minas,</span> 
     </span>
     <span class='ocr_line' id='line_1_17' title="bbox 105 1324 1429 1395; baseline -0.001 -17"><span class='ocrx_word' id='word_1_106' title='bbox 105 1324 261 1378; x_wconf 87' lang='lat' dir='ltr'>Vltro</span> <span class='ocrx_word' id='word_1_107' title='bbox 300 1328 635 1394; x_wconf 84' lang='lat' dir='ltr'>contemptus</span> <span class='ocrx_word' id='word_1_108' title='bbox 671 1328 827 1395; x_wconf 86' lang='lat' dir='ltr'>rogat</span> <span class='ocrx_word' id='word_1_109' title='bbox 863 1329 917 1378; x_wconf 92' lang='lat' dir='ltr'>et</span> <span class='ocrx_word' id='word_1_110' title='bbox 951 1343 1196 1394; x_wconf 81' lang='lat' dir='ltr'>peccasse</span> <span class='ocrx_word' id='word_1_111' title='bbox 1233 1326 1429 1378; x_wconf 86' lang='lat' dir='ltr'>fatetur</span> 
     </span>
     <span class='ocr_line' id='line_1_18' title="bbox 173 1395 1700 1465; baseline -0.001 -17"><span class='ocrx_word' id='word_1_112' title='bbox 173 1395 369 1448; x_wconf 87' lang='lat' dir='ltr'>Laesus</span> <span class='ocrx_word' id='word_1_113' title='bbox 407 1398 461 1448; x_wconf 92' lang='lat' dir='ltr'>et</span> <span class='ocrx_word' id='word_1_114' title='bbox 494 1396 673 1448; x_wconf 88' lang='lat' dir='ltr'>invitis</span> <span class='ocrx_word' id='word_1_115' title='bbox 711 1397 824 1464; x_wconf 89' lang='lat' dir='ltr'>ipse</span> <span class='ocrx_word' id='word_1_116' title='bbox 859 1395 998 1448; x_wconf 92' lang='lat' dir='ltr'>redit</span> <span class='ocrx_word' id='word_1_117' title='bbox 1032 1396 1268 1465; x_wconf 88' lang='lat' dir='ltr'>pedibus.</span> <span class='ocrx_word' id='word_1_118' title='bbox 1645 1407 1700 1446; x_wconf 79' lang='lat'>20</span> 
     </span>
     <span class='ocr_line' id='line_1_19' title="bbox 106 1465 1497 1535; baseline 0 -17"><span class='ocrx_word' id='word_1_119' title='bbox 106 1465 187 1518; x_wconf 90' lang='lat' dir='ltr'>Tu</span> <span class='ocrx_word' id='word_1_120' title='bbox 223 1484 458 1535; x_wconf 86' lang='lat' dir='ltr'>quoque,</span> <span class='ocrx_word' id='word_1_121' title='bbox 499 1467 589 1535; x_wconf 90' lang='lat' dir='ltr'>qui</span> <span class='ocrx_word' id='word_1_122' title='bbox 625 1467 784 1535; x_wconf 90' lang='lat' dir='ltr'>pleno</span> <span class='ocrx_word' id='word_1_123' title='bbox 822 1466 990 1518; x_wconf 88' lang='lat' dir='ltr'>fastus</span> <span class='ocrx_word' id='word_1_124' title='bbox 1027 1467 1257 1519; x_wconf 88' lang='lat' dir='ltr'>adsumis</span> <span class='ocrx_word' id='word_1_125' title='bbox 1295 1484 1497 1534; x_wconf 88' lang='lat' dir='ltr'>amore,</span> 
     </span>
     <span class='ocr_line' id='line_1_20' title="bbox 175 1535 1420 1606; baseline 0 -17"><span class='ocrx_word' id='word_1_126' title='bbox 175 1535 424 1604; x_wconf 70' lang='lat' dir='ltr'>credule,</span> <span class='ocrx_word' id='word_1_127' title='bbox 462 1537 610 1588; x_wconf 90' lang='lat' dir='ltr'>nulla</span> <span class='ocrx_word' id='word_1_128' title='bbox 645 1537 733 1588; x_wconf 92' lang='lat' dir='ltr'>diu</span> <span class='ocrx_word' id='word_1_129' title='bbox 769 1537 967 1589; x_wconf 86' lang='lat' dir='ltr'>femina</span> <span class='ocrx_word' id='word_1_130' title='bbox 1003 1537 1209 1606; x_wconf 91' lang='lat' dir='ltr'>pondus</span> <span class='ocrx_word' id='word_1_131' title='bbox 1245 1536 1420 1589; x_wconf 88' lang='lat' dir='ltr'>habet.</span> 
     </span>
     <span class='ocr_line' id='line_1_21' title="bbox 102 1607 1577 1676; baseline 0 -17"><span class='ocrx_word' id='word_1_132' title='bbox 102 1607 192 1659; x_wconf 89' lang='lat' dir='ltr'>An</span> <span class='ocrx_word' id='word_1_133' title='bbox 229 1607 506 1676; x_wconf 84' lang='lat' dir='ltr'>quisquam</span> <span class='ocrx_word' id='word_1_134' title='bbox 541 1608 599 1659; x_wconf 92' lang='lat' dir='ltr'>in</span> <span class='ocrx_word' id='word_1_135' title='bbox 635 1607 822 1659; x_wconf 89' lang='lat' dir='ltr'>mediis</span> <span class='ocrx_word' id='word_1_136' title='bbox 859 1607 1112 1676; x_wconf 77' lang='lat' dir='ltr'>persolvit</span> <span class='ocrx_word' id='word_1_137' title='bbox 1146 1610 1270 1659; x_wconf 86' lang='lat' dir='ltr'>vota</span> <span class='ocrx_word' id='word_1_138' title='bbox 1305 1607 1577 1676; x_wconf 78' lang='lat' dir='ltr'>procellis7</span> 
     </span>
     <span class='ocr_line' id='line_1_22' title="bbox 175 1676 1427 1746; baseline -0.001 -16"><span class='ocrx_word' id='word_1_139' title='bbox 175 1676 310 1730; x_wconf 85' lang='lat' dir='ltr'>Cum</span> <span class='ocrx_word' id='word_1_140' title='bbox 347 1695 503 1746; x_wconf 89' lang='lat' dir='ltr'>saepe</span> <span class='ocrx_word' id='word_1_141' title='bbox 539 1678 597 1729; x_wconf 92' lang='lat' dir='ltr'>in</span> <span class='ocrx_word' id='word_1_142' title='bbox 634 1682 791 1746; x_wconf 92' lang='lat' dir='ltr'>portu</span> <span class='ocrx_word' id='word_1_143' title='bbox 826 1678 995 1730; x_wconf 88' lang='lat' dir='ltr'>fracta</span> <span class='ocrx_word' id='word_1_144' title='bbox 1032 1678 1209 1730; x_wconf 90' lang='lat' dir='ltr'>carina</span> <span class='ocrx_word' id='word_1_145' title='bbox 1244 1677 1427 1730; x_wconf 80' lang='lat' dir='ltr'>natet?</span> 
     </span>
     <span class='ocr_line' id='line_1_23' title="bbox 102 1747 1699 1816; baseline -0.001 -17"><span class='ocrx_word' id='word_1_146' title='bbox 102 1747 216 1800; x_wconf 87' lang='lat' dir='ltr'>Aut</span> <span class='ocrx_word' id='word_1_147' title='bbox 249 1747 395 1816; x_wconf 88' lang='lat' dir='ltr'>prius</span> <span class='ocrx_word' id='word_1_148' title='bbox 432 1748 630 1800; x_wconf 89' lang='lat' dir='ltr'>infecto</span> <span class='ocrx_word' id='word_1_149' title='bbox 668 1748 906 1816; x_wconf 85' lang='lat' dir='ltr'>deposcit</span> <span class='ocrx_word' id='word_1_150' title='bbox 941 1749 1174 1816; x_wconf 88' lang='lat' dir='ltr'>praemia</span> <span class='ocrx_word' id='word_1_151' title='bbox 1210 1766 1388 1815; x_wconf 80' lang='lat' dir='ltr'>cursn,</span> <span class='ocrx_word' id='word_1_152' title='bbox 1645 1759 1699 1798; x_wconf 79' lang='lat'>25</span> 
     </span>
     <span class='ocr_line' id='line_1_24' title="bbox 173 1816 1420 1887; baseline 0 -17"><span class='ocrx_word' id='word_1_153' title='bbox 173 1816 408 1886; x_wconf 84' lang='lat' dir='ltr'>Septima</span> <span class='ocrx_word' id='word_1_154' title='bbox 444 1835 602 1887; x_wconf 89' lang='lat' dir='ltr'>quam</span> <span class='ocrx_word' id='word_1_155' title='bbox 637 1823 834 1870; x_wconf 89' lang='lat' dir='ltr'>metam</span> <span class='ocrx_word' id='word_1_156' title='bbox 870 1819 1075 1870; x_wconf 73' lang='lat' dir='ltr'>triverit</span> <span class='ocrx_word' id='word_1_157' title='bbox 1112 1821 1233 1871; x_wconf 89' lang='lat' dir='ltr'>ante</span> <span class='ocrx_word' id='word_1_158' title='bbox 1268 1819 1420 1870; x_wconf 80' lang='lat' dir='ltr'>rota?</span> 
     </span>
     <span class='ocr_line' id='line_1_25' title="bbox 103 1887 1386 1942; baseline 0 -2"><span class='ocrx_word' id='word_1_159' title='bbox 103 1887 384 1940; x_wconf 87' lang='lat' dir='ltr'>Mendaces</span> <span class='ocrx_word' id='word_1_160' title='bbox 423 1888 613 1941; x_wconf 89' lang='lat' dir='ltr'>ludunt</span> <span class='ocrx_word' id='word_1_161' title='bbox 646 1888 801 1940; x_wconf 91' lang='lat' dir='ltr'>flatus</span> <span class='ocrx_word' id='word_1_162' title='bbox 839 1889 894 1940; x_wconf 90' lang='lat' dir='ltr'>in</span> <span class='ocrx_word' id='word_1_163' title='bbox 932 1907 1108 1941; x_wconf 91' lang='lat' dir='ltr'>amore</span> <span class='ocrx_word' id='word_1_164' title='bbox 1146 1889 1386 1942; x_wconf 89' lang='lat' dir='ltr'>secundi:</span> 
     </span>
     <span class='ocr_line' id='line_1_26' title="bbox 173 1957 1313 2028; baseline 0.001 -18"><span class='ocrx_word' id='word_1_165' title='bbox 173 1957 336 2027; x_wconf 73' lang='lat' dir='ltr'>SIqua</span> <span class='ocrx_word' id='word_1_166' title='bbox 371 1959 517 2011; x_wconf 91' lang='lat' dir='ltr'>venit</span> <span class='ocrx_word' id='word_1_167' title='bbox 553 1977 695 2027; x_wconf 82' lang='lat' dir='ltr'>sero,</span> <span class='ocrx_word' id='word_1_168' title='bbox 733 1977 930 2028; x_wconf 86' lang='lat' dir='ltr'>magna</span> <span class='ocrx_word' id='word_1_169' title='bbox 965 1959 1118 2011; x_wconf 88' lang='lat' dir='ltr'>ruina</span> <span class='ocrx_word' id='word_1_170' title='bbox 1152 1960 1313 2012; x_wconf 87' lang='lat' dir='ltr'>venit.</span> 
     </span>
     <span class='ocr_line' id='line_1_27' title="bbox 102 2028 1400 2099; baseline 0.001 -19"><span class='ocrx_word' id='word_1_171' title='bbox 102 2028 183 2081; x_wconf 81' lang='lat' dir='ltr'>Tu</span> <span class='ocrx_word' id='word_1_172' title='bbox 216 2031 396 2081; x_wconf 82' lang='lat' dir='ltr'>tamen</span> <span class='ocrx_word' id='word_1_173' title='bbox 430 2029 656 2097; x_wconf 87' lang='lat' dir='ltr'>interea,</span> <span class='ocrx_word' id='word_1_174' title='bbox 697 2030 934 2098; x_wconf 84' lang='lat' dir='ltr'>quamvis</span> <span class='ocrx_word' id='word_1_175' title='bbox 970 2033 1024 2082; x_wconf 93' lang='lat' dir='ltr'>te</span> <span class='ocrx_word' id='word_1_176' title='bbox 1062 2030 1251 2099; x_wconf 87' lang='lat' dir='ltr'>diligat</span> <span class='ocrx_word' id='word_1_177' title='bbox 1285 2030 1400 2098; x_wconf 86' lang='lat' dir='ltr'>illa,</span> 
     </span>
     <span class='ocr_line' id='line_1_28' title="bbox 171 2097 1699 2169; baseline 0.001 -19"><span class='ocrx_word' id='word_1_178' title='bbox 171 2097 237 2150; x_wconf 92' lang='lat' dir='ltr'>In</span> <span class='ocrx_word' id='word_1_179' title='bbox 271 2099 434 2151; x_wconf 86' lang='lat' dir='ltr'>tacito</span> <span class='ocrx_word' id='word_1_180' title='bbox 473 2099 661 2152; x_wconf 92' lang='lat' dir='ltr'>cohibe</span> <span class='ocrx_word' id='word_1_181' title='bbox 697 2099 889 2169; x_wconf 87' lang='lat' dir='ltr'>gaudia</span> <span class='ocrx_word' id='word_1_182' title='bbox 926 2100 1103 2152; x_wconf 87' lang='lat' dir='ltr'>clausa</span> <span class='ocrx_word' id='word_1_183' title='bbox 1141 2101 1273 2152; x_wconf 82' lang='lat' dir='ltr'>sinn.</span> <span class='ocrx_word' id='word_1_184' title='bbox 1644 2113 1699 2152; x_wconf 89' lang='lat'>30</span> 
     </span>
     <span class='ocr_line' id='line_1_29' title="bbox 101 2168 1640 2240; baseline 0.001 -18"><span class='ocrx_word' id='word_1_185' title='bbox 101 2168 344 2238; x_wconf 92' lang='lat' dir='ltr'>Namque</span> <span class='ocrx_word' id='word_1_186' title='bbox 380 2170 436 2221; x_wconf 89' lang='lat' dir='ltr'>in</span> <span class='ocrx_word' id='word_1_187' title='bbox 472 2187 649 2222; x_wconf 88' lang='lat' dir='ltr'>amore</span> <span class='ocrx_word' id='word_1_188' title='bbox 686 2189 780 2222; x_wconf 92' lang='lat' dir='ltr'>suo</span> <span class='ocrx_word' id='word_1_189' title='bbox 819 2189 1026 2239; x_wconf 89' lang='lat' dir='ltr'>semper</span> <span class='ocrx_word' id='word_1_190' title='bbox 1061 2189 1155 2222; x_wconf 87' lang='lat' dir='ltr'>sua</span> <span class='ocrx_word' id='word_1_191' title='bbox 1190 2171 1418 2223; x_wconf 87' lang='lat' dir='ltr'>maxima</span> <span class='ocrx_word' id='word_1_192' title='bbox 1455 2172 1640 2240; x_wconf 87' lang='lat' dir='ltr'>cuique</span> 
     </span>
     <span class='ocr_line' id='line_1_30' title="bbox 172 2239 1318 2308; baseline 0.003 -17"><span class='ocrx_word' id='word_1_193' title='bbox 172 2239 474 2308; x_wconf 90' lang='lat' dir='ltr'>Nescioquo</span> <span class='ocrx_word' id='word_1_194' title='bbox 512 2243 668 2308; x_wconf 90' lang='lat' dir='ltr'>pacto</span> <span class='ocrx_word' id='word_1_195' title='bbox 707 2241 867 2293; x_wconf 86' lang='lat' dir='ltr'>verba</span> <span class='ocrx_word' id='word_1_196' title='bbox 901 2259 1092 2293; x_wconf 88' lang='lat' dir='ltr'>nocere</span> <span class='ocrx_word' id='word_1_197' title='bbox 1130 2242 1318 2294; x_wconf 90' lang='lat' dir='ltr'>solent.</span> 
     </span>
    </p>

    <p class='ocr_par' dir='ltr' id='par_1_3' title="bbox 103 2309 1698 2593">
     <span class='ocr_line' id='line_1_31' title="bbox 103 2309 1581 2379; baseline 0.002 -18"><span class='ocrx_word' id='word_1_198' title='bbox 103 2309 353 2372; x_wconf 82' lang='lat' dir='ltr'>Quamvis</span> <span class='ocrx_word' id='word_1_199' title='bbox 389 2312 444 2362; x_wconf 89' lang='lat' dir='ltr'>te</span> <span class='ocrx_word' id='word_1_200' title='bbox 480 2328 730 2379; x_wconf 87' lang='lat' dir='ltr'>persaepe</span> <span class='ocrx_word' id='word_1_201' title='bbox 766 2314 943 2377; x_wconf 83' lang='lat' dir='ltr'>vocet,</span> <span class='ocrx_word' id='word_1_202' title='bbox 983 2312 1146 2364; x_wconf 90' lang='lat' dir='ltr'>semel</span> <span class='ocrx_word' id='word_1_203' title='bbox 1179 2312 1255 2364; x_wconf 93' lang='lat' dir='ltr'>ire</span> <span class='ocrx_word' id='word_1_204' title='bbox 1288 2315 1581 2365; x_wconf 88' lang='lat' dir='ltr'>memento:</span> 
     </span>
     <span class='ocr_line' id='line_1_32' title="bbox 171 2379 1631 2449; baseline 0.003 -18"><span class='ocrx_word' id='word_1_205' title='bbox 171 2379 430 2432; x_wconf 88' lang='lat' dir='ltr'>Invidiam</span> <span class='ocrx_word' id='word_1_206' title='bbox 467 2381 606 2449; x_wconf 91' lang='lat' dir='ltr'>quod</span> <span class='ocrx_word' id='word_1_207' title='bbox 642 2380 829 2447; x_wconf 85' lang='lat' dir='ltr'>habet,</span> <span class='ocrx_word' id='word_1_208' title='bbox 868 2399 978 2433; x_wconf 90' lang='lat' dir='ltr'>non</span> <span class='ocrx_word' id='word_1_209' title='bbox 1016 2382 1153 2434; x_wconf 85' lang='lat' dir='ltr'>solet</span> <span class='ocrx_word' id='word_1_210' title='bbox 1189 2400 1303 2434; x_wconf 89' lang='lat' dir='ltr'>esse</span> <span class='ocrx_word' id='word_1_211' title='bbox 1340 2382 1444 2435; x_wconf 90' lang='lat' dir='ltr'>diu.</span> <span class='ocrx_word' id='word_1_212' title='bbox 1628 2390 1631 2402; x_wconf 79' lang='lat'><em>²</em></span> 
     </span>
     <span class='ocr_line' id='line_1_33' title="bbox 105 2451 1698 2522; baseline 0.002 -20"><span class='ocrx_word' id='word_1_213' title='bbox 105 2451 180 2503; x_wconf 89' lang='lat' dir='ltr'>At</span> <span class='ocrx_word' id='word_1_214' title='bbox 215 2451 260 2502; x_wconf 89' lang='lat' dir='ltr'>si</span> <span class='ocrx_word' id='word_1_215' title='bbox 297 2451 469 2503; x_wconf 88' lang='lat' dir='ltr'>saecla</span> <span class='ocrx_word' id='word_1_216' title='bbox 503 2451 681 2503; x_wconf 88' lang='lat' dir='ltr'>forent</span> <span class='ocrx_word' id='word_1_217' title='bbox 716 2452 945 2520; x_wconf 88' lang='lat' dir='ltr'>antiquis</span> <span class='ocrx_word' id='word_1_218' title='bbox 982 2455 1017 2519; x_wconf 84' lang='lat'><strong>†</strong></span> <span class='ocrx_word' id='word_1_219' title='bbox 1045 2455 1198 2522; x_wconf 86' lang='lat' dir='ltr'>grata</span> <span class='ocrx_word' id='word_1_220' title='bbox 1231 2453 1452 2521; x_wconf 88' lang='lat' dir='ltr'>puellis,</span> <span class='ocrx_word' id='word_1_221' title='bbox 1645 2466 1698 2505; x_wconf 81' lang='lat'>35</span> 
     </span>
     <span class='ocr_line' id='line_1_34' title="bbox 170 2519 1626 2593; baseline 0.004 -21"><span class='ocrx_word' id='word_1_222' title='bbox 170 2519 358 2590; x_wconf 86' lang='lat' dir='ltr'>Essem</span> <span class='ocrx_word' id='word_1_223' title='bbox 397 2539 496 2590; x_wconf 86' lang='lat' dir='ltr'>ego</span> <span class='ocrx_word' id='word_1_224' title='bbox 507 2562 522 2589; x_wconf 89' lang='lat'><strong><em>,</em></strong></span> <span class='ocrx_word' id='word_1_225' title='bbox 561 2522 700 2590; x_wconf 90' lang='lat' dir='ltr'>quod</span> <span class='ocrx_word' id='word_1_226' title='bbox 738 2525 996 2574; x_wconf 78' lang='lat' dir='ltr'>nunc&#39;tu:</span> <span class='ocrx_word' id='word_1_227' title='bbox 1035 2526 1274 2591; x_wconf 86' lang='lat' dir='ltr'>tempore</span> <span class='ocrx_word' id='word_1_228' title='bbox 1298 2524 1485 2576; x_wconf 93' lang='lat' dir='ltr'>vincor</span> <span class='ocrx_word' id='word_1_229' title='bbox 1510 2543 1626 2593; x_wconf 83' lang='lat' dir='ltr'>eg0.</span> 
     </span>
    </p>

    <p class='ocr_par' dir='ltr' id='par_1_4' title="bbox 102 2589 1556 2730">
     <span class='ocr_line' id='line_1_35' title="bbox 102 2589 1556 2648; baseline 0.003 -6"><span class='ocrx_word' id='word_1_230' title='bbox 102 2589 227 2642; x_wconf 90' lang='lat' dir='ltr'>Non</span> <span class='ocrx_word' id='word_1_231' title='bbox 261 2594 441 2643; x_wconf 88' lang='lat' dir='ltr'>tamen</span> <span class='ocrx_word' id='word_1_232' title='bbox 477 2592 581 2643; x_wconf 87' lang='lat' dir='ltr'>ista</span> <span class='ocrx_word' id='word_1_233' title='bbox 618 2610 762 2643; x_wconf 87' lang='lat' dir='ltr'>meos</span> <span class='ocrx_word' id='word_1_234' title='bbox 800 2592 1079 2644; x_wconf 88' lang='lat' dir='ltr'>mutabunt</span> <span class='ocrx_word' id='word_1_235' title='bbox 1114 2594 1320 2645; x_wconf 89' lang='lat' dir='ltr'>saecula</span> <span class='ocrx_word' id='word_1_236' title='bbox 1357 2612 1556 2648; x_wconf 85' lang='lat' dir='ltr'>mores:</span> 
     </span>
     <span class='ocr_line' id='line_1_36' title="bbox 172 2659 1198 2730; baseline 0.002 -16"><span class='ocrx_word' id='word_1_237' title='bbox 172 2659 321 2714; x_wconf 88' lang='lat' dir='ltr'>Vnus</span> <span class='ocrx_word' id='word_1_238' title='bbox 359 2662 578 2730; x_wconf 88' lang='lat' dir='ltr'>quisque</span> <span class='ocrx_word' id='word_1_239' title='bbox 616 2681 709 2714; x_wconf 88' lang='lat' dir='ltr'>sua</span> <span class='ocrx_word' id='word_1_240' title='bbox 744 2663 952 2714; x_wconf 86' lang='lat' dir='ltr'>noverit</span> <span class='ocrx_word' id='word_1_241' title='bbox 988 2663 1062 2715; x_wconf 90' lang='lat' dir='ltr'>ire</span> <span class='ocrx_word' id='word_1_242' title='bbox 1099 2665 1198 2716; x_wconf 88' lang='lat' dir='ltr'>via.</span> 
     </span>
    </p>

    <p class='ocr_par' dir='ltr' id='par_1_5' title="bbox 101 2731 1698 2863">
     <span class='ocr_line' id='line_1_37' title="bbox 101 2731 1555 2805; baseline 0.003 -22"><span class='ocrx_word' id='word_1_243' title='bbox 101 2731 178 2783; x_wconf 86' lang='lat' dir='ltr'>At</span> <span class='ocrx_word' id='word_1_244' title='bbox 210 2748 304 2783; x_wconf 90' lang='lat' dir='ltr'>vos</span> <span class='ocrx_word' id='word_1_245' title='bbox 315 2773 330 2799; x_wconf 81' lang='lat'><em>,</em></span> <span class='ocrx_word' id='word_1_246' title='bbox 369 2732 459 2800; x_wconf 92' lang='lat' dir='ltr'>qui</span> <span class='ocrx_word' id='word_1_247' title='bbox 495 2732 669 2785; x_wconf 84' lang='lat' dir='ltr'>officia</span> <span class='ocrx_word' id='word_1_248' title='bbox 706 2733 762 2784; x_wconf 90' lang='lat' dir='ltr'>in</span> <span class='ocrx_word' id='word_1_249' title='bbox 799 2733 993 2785; x_wconf 84' lang='lat' dir='ltr'>multos</span> <span class='ocrx_word' id='word_1_250' title='bbox 1030 2736 1288 2787; x_wconf 83' lang='lat' dir='ltr'>revocatis</span> <span class='ocrx_word' id='word_1_251' title='bbox 1327 2753 1555 2805; x_wconf 82' lang='lat' dir='ltr'>amoreS,</span> 
     </span>
     <span class='ocr_line' id='line_1_38' title="bbox 173 2800 1698 2863; baseline 0.002 -9"><span class='ocrx_word' id='word_1_252' title='bbox 173 2800 440 2863; x_wconf 85' lang='lat' dir='ltr'>Quantum</span> <span class='ocrx_word' id='word_1_253' title='bbox 476 2802 552 2855; x_wconf 89' lang='lat' dir='ltr'>sic</span> <span class='ocrx_word' id='word_1_254' title='bbox 590 2803 789 2855; x_wconf 88' lang='lat' dir='ltr'>cruciat</span> <span class='ocrx_word' id='word_1_255' title='bbox 824 2803 1024 2855; x_wconf 90' lang='lat' dir='ltr'>lumina</span> <span class='ocrx_word' id='word_1_256' title='bbox 1059 2809 1235 2857; x_wconf 88' lang='lat' dir='ltr'>vestra</span> <span class='ocrx_word' id='word_1_257' title='bbox 1271 2805 1446 2859; x_wconf 77' lang='lat' dir='ltr'>dolor!</span> <span class='ocrx_word' id='word_1_258' title='bbox 1643 2819 1698 2857; x_wconf 86' lang='lat'>40</span> 
     </span>
    </p>
   </div>
   <div class='ocr_carea' id='block_1_3' title="bbox 102 2869 1447 3004">
    <p class='ocr_par' dir='ltr' id='par_1_6' title="bbox 102 2869 1447 3004">
     <span class='ocr_line' id='line_1_39' title="bbox 102 2869 1347 2945; baseline 0.004 -22"><span class='ocrx_word' id='word_1_259' title='bbox 102 2869 326 2924; x_wconf 88' lang='lat' dir='ltr'>Vidistis</span> <span class='ocrx_word' id='word_1_260' title='bbox 362 2873 795 2940; x_wconf 88' lang='lat' dir='ltr'>pleno-teneram</span> <span class='ocrx_word' id='word_1_261' title='bbox 834 2874 1058 2927; x_wconf 89' lang='lat' dir='ltr'>candore</span> <span class='ocrx_word' id='word_1_262' title='bbox 1094 2876 1347 2945; x_wconf 86' lang='lat' dir='ltr'>puellam,</span> 
     </span>
     <span class='ocr_line' id='line_1_40' title="bbox 183 2956 1447 3004; baseline 0.012 -15"><span class='ocrx_word' id='word_1_263' title='bbox 183 2956 433 2990; x_wconf 67' lang='lat' dir='ltr'>Pnotmnvs.</span> <span class='ocrx_word' id='word_1_264' title='bbox 1417 2964 1447 3004; x_wconf 80' lang='lat'>4</span> 
     </span>
    </p>
   </div>
  </div>
 </body>
</html>
