1936 3112
104 132 203 203 ΧΙ.]
360 126 365 131 '
770 136 947 181 LIBER
982 136 1018 183 1.
1629 127 1691 180 11

106 267 340 339 Cynthia
373 288 458 324 me
495 269 675 323 docuit
711 289 917 339 semper
954 289 1085 340 quae
1124 271 1309 339 cuique
1344 268 1570 340 petenda

174 337 422 408 Quaeque
459 340 692 393 cavenda
726 341 926 394 forent:
963 359 1074 393 non
1108 341 1242 393 nihil
1280 341 1390 410 egit
1413 340 1596 392 Amor.
1640 347 1694 387 20

102 407 183 462 Tu
219 426 360 479 cave,
397 428 466 463 ne
502 411 642 462 tristi
680 411 858 480 cupias
895 429 1131 480 pugnare
1167 411 1373 480 puellae

170 477 319 533 Neve
356 481 582 548 superba
608 482 764 550 ,loqui
798 500 930 533 neve
966 485 1139 534 tacere
1178 482 1281 549 diu,

6 540 9 543 ’
99 547 155 603 N
156 567 245 617 011,
285 549 458 618 siquid
494 551 663 619 petiit,
701 553 911 621 ingrata
945 552 1121 604 fronte
1156 551 1384 621 negariS,

170 618 292 673 Neu
327 620 428 673 tibi
463 638 560 690 pro
598 639 735 674 vano
772 622 931 674 verba
967 622 1201 692 benigna
1234 621 1442 674 cadant.

99 688 326 742 Inritata
360 692 521 760 venit,
561 692 770 759 quando
809 693 1163 745 contemnitur
1195 692 1302 760 illa,
1638 699 1694 740 25

168 758 284 814 Nec
319 761 562 813 meminit
596 762 760 814 iustas
797 780 994 831 ponere
1031 763 1172 815 laesa
1207 763 1406 814 minas:

100 830 176 883 At
211 847 314 900 quo
354 831 426 883 sis
462 831 677 884 humilis
713 834 884 902 magis
921 837 976 886 et
1011 833 1274 886 subiectus
1312 832 1494 900 amori,

172 899 290 954 Hoc
326 902 497 971 magis
536 902 722 955 effecto
762 921 917 972 saepe
953 904 1127 956 fruare
1163 904 1321 956 bono,

98 969 152 1023 Is
188 972 386 1040 poterit
420 972 549 1024 felix
584 991 690 1025 11113
724 992 994 1026 remanere
1030 974 1222 1042 puella,

169 1041 271 1103 Qui
307 1060 596 1112 numquam
632 1061 796 1097 vacuo
833 1047 1045 1113 pectore
1082 1045 1215 1097 liber
1252 1044 1367 1098 erit.
1639 1051 1695 1092 30

837 1222 942 1284 ΧΙ.

97 1322 306 1392 Ecquid
341 1325 395 1377 te
431 1323 619 1377 mediis
657 1328 966 1394 cessantem,
1007 1324 1252 1394 Cynthia,
1291 1324 1434 1396 Bais,

148 1393 290 1456 ‚Qua
325 1394 464 1449 iacet
499 1394 774 1448 Herculeis
812 1396 1003 1448 semita
1039 1396 1299 1464 litoribuS‚

97 1463 171 1516 Et
205 1463 364 1517 modo
401 1468 456 1518 te
491 1464 671 1518 Protei
707 1466 985 1519 mirantem
1022 1466 1232 1519 subdita
1272 1483 1440 1536 regno

165 1533 416 1588 Proxima
451 1535 672 1588 Misenis
710 1554 939 1606 aequora
972 1537 1242 1590 nobilibus

94 1604 282 1658 Nostri
318 1623 443 1659 cura
479 1606 622 1659 subit
656 1625 917 1660 memores
954 1626 986 1660 a
1022 1607 1212 1661 ducere
1247 1606 1469 1660 noctes?
1663 1618 1692 1660 5

163 1674 362 1745 Ecquis
397 1677 456 1729 in
493 1679 727 1730 extremo
763 1681 930 1730 restat
966 1696 1143 1731 amore
1176 1677 1360 1732 locus‘?

94 1747 184 1799 An
218 1748 287 1799 tc'
308 1747 607 1816 nescioquis
645 1748 904 1801 simulatis
941 1748 1156 1819 ignibus
1192 1748 1360 1802 hostis

167 1815 394 1870 Sustulit
429 1836 458 1871 e
492 1819 706 1887 nostris,
746 1817 991 1888 Cynthia,
1033 1819 1391 1873 carminibus?

97 1886 145 1940 A
211 1905 276 1940 ue
313 1888 518 1941 utinam
553 1907 708 1959 mage
744 1891 797 1941 te
834 1890 992 1957 remis
1030 1890 1229 1943 confisa
1262 1891 1482 1943 minutis

208 1958 391 2011 arvola
425 1958 654 2012 Lucrina
690 1959 878 2027 cymba
913 1963 1147 2013 moretur
1183 1978 1335 2030 aqua,
1636 1972 1691 2014 10

93 2027 204 2080 Aut
238 2031 420 2082 teneat
455 2030 686 2082 clausam
721 2031 870 2083 tenui
906 2030 1246 2084 Teuthrantis
1282 2032 1339 2084 in
1373 2032 1516 2085 unda

164 2099 416 2152 Alternae
450 2100 621 2153 facilis
659 2100 841 2153 cedere
877 2101 1095 2170 lympha
1129 2120 1307 2171 manu,

95 2167 265 2232 Quam
301 2172 453 2223 vacet
488 2170 703 2223 alterius
740 2171 965 2224 blandos
1004 2172 1184 2225 audire
1222 2190 1462 2226 susurros

163 2239 401 2294 Molliter
435 2242 493 2293 in
528 2241 690 2294 tacito
728 2242 883 2294 litore
924 2243 1270 2312 conpositam,

93 2309 170 2364 Vt
207 2310 343 2363 solet
378 2314 555 2363 amoto
593 2311 700 2364 labi
739 2313 954 2365 custode
991 2313 1169 2382 puella
1633 2324 1686 2367 15

60 2432 61 2435 ,
161 2380 383 2450 Perfida,
425 2399 730 2435 communes
769 2401 870 2436 nec
904 2384 1207 2436 meminisse
1249 2385 1398 2454 deos3

91 2450 219 2505 Non
256 2451 380 2520 quia
413 2455 689 2521 perspecta
723 2471 834 2506 non
872 2471 927 2506 es
964 2453 1095 2506 mihi
1132 2455 1347 2524 cognita
1381 2455 1537 2525 fama,

165 2521 268 2576 Sed
303 2522 444 2591 quod
480 2523 538 2575 in
573 2523 671 2575 hac
709 2524 881 2576 omnis
918 2527 1065 2593 parte
1101 2529 1310 2578 veretur
1346 2545 1508 2580 amor.

92 2591 345 2663 Ignosces
381 2593 560 2663 igitur,
599 2594 772 2663 siquid
808 2594 906 2647 tibi
942 2596 1092 2647 triste
1130 2595 1295 2648 libelli

162 2663 458 2716 Attulerint
491 2665 687 2717 nostri:
727 2665 881 2733 culpa
915 2665 1122 2719 timoris
1161 2667 1274 2719 erit.
1629 2679 1687 2721 20

91 2733 170 2801 A,
206 2732 338 2786 mihi
372 2751 481 2787 non
517 2735 686 2787 maior
722 2754 871 2789 carae
909 2736 1148 2788 custodia
1183 2738 1367 2790 matris

164 2803 273 2856 Aut
308 2805 423 2857 sine
458 2808 511 2858 te
535 2806 686 2858 -vitae
724 2824 846 2859 cura
882 2806 953 2858 sit
988 2807 1097 2858 ulla
1133 2826 1292 2860 meae.

93 2873 175 2928 Tu
210 2873 339 2927 mihi
379 2877 493 2929 sola
531 2871 734 2947 domusj
770 2881 845 2947 tn,
884 2876 1130 2947 Cynthia,
1168 2879 1282 2931 sola
1318 2883 1580 2950 parenteS,
