1936 3112
100 132 288 192 xva
369 168 375 174 .
777 132 954 177 1113ssss
991 133 1027 178 1.

170 267 244 321 Et
277 267 553 320 matutinis
591 267 853 337 obstrepit
890 268 1118 320 alitibus.

101 339 188 393 Sic
224 355 323 408 ego
360 356 504 390 nunc
541 337 787 390 dominae
822 338 967 391 vitiis
1004 341 1058 391 et
1093 355 1300 406 semper
1344 335 1569 388 amantis

169 407 408 462 Fletibus
445 408 648 461 alterna
685 408 898 461 differor
931 408 1145 461 invidia.

799 551 984 611 XVII.

99 648 173 702 Et
205 647 396 701 merito
408 689 423 717 ‚
464 647 713 718 quoniam
749 647 901 717 potui
940 648 1141 718 fugisse
1178 647 1433 717 puellam!

169 718 329 772 Nunc
367 736 464 789 ego
504 718 737 771 desertas
777 719 1018 787 alloquor
1055 719 1320 787 alcyonas,

98 789 215 843 Nec
249 787 382 842 mihi
420 788 675 858 Cassiope
713 789 911 842 salvam
949 789 1123 841 visura
1161 789 1470 854 carinamst,

170 858 463 928 Omniaque
500 859 711 929 ingrato
748 859 927 912 littore
963 862 1087 912 vota
1125 859 1330 912 cadent.

101 929 241 993 Quin
278 930 437 982 etiam
475 929 684 982 absenti
719 932 946 999 prosunt
980 930 1106 998 tibi,
1148 930 1406 998 Cynthia,
1445 929 1613 982 venti:

169 1000 389 1069 Aspice,
428 1018 587 1069 quam
623 1018 807 1052 saevas
844 1000 1083 1069 increpat
1120 1019 1246 1053 aura
1281 1001 1469 1053 minas,

99 1069 330 1125 Nullane
366 1071 607 1140 placatae
643 1071 823 1123 veniet
859 1071 1078 1123 fortuna
1111 1071 1411 1140 procellae?

169 1140 406 1194 Haecine
443 1159 610 1211 parva
644 1159 822 1193 meum
858 1141 1016 1194 funus
1053 1141 1255 1194 harena
1290 1141 1473 1211 teget?

100 1211 182 1264 Tu
217 1215 400 1264 tamen
435 1213 495 1264 in
530 1212 721 1265 melius
759 1229 942 1264 saevas
981 1215 1229 1265 converte
1267 1213 1534 1281 querelas:

173 1281 268 1336 Sat
303 1282 404 1335 tibi
441 1282 512 1335 sit
546 1300 751 1352 poenae
788 1300 896 1335 nox
935 1285 988 1335 et
1023 1283 1206 1352 iniqua
1242 1283 1393 1335 vada.

97 1352 187 1406 An
222 1353 423 1422 poteris
461 1353 613 1406 siccis
650 1371 768 1406 mea
804 1353 916 1405 fata
953 1371 1223 1422 opponere
1261 1354 1471 1423 ocelliS,

172 1422 407 1493 Ossaque
443 1424 592 1476 nulla
627 1426 720 1476 tuo
756 1426 944 1476 nostra
980 1428 1159 1477 tenere
1198 1424 1353 1477 sinu?

101 1494 159 1547 A·
226 1497 393 1564 ereat,
432 1494 747 1564 quicumque
783 1497 923 1546 rates
961 1497 1014 1547 et
1053 1495 1166 1548 vela
1201 1494 1411 1564 paravit

213 1564 377 1617 rimus
414 1568 469 1618 et
503 1565 672 1618 invito
811 1565 922 1635 gite
961 1564 1091 1618 fecit
1126 1566 1241 1618 iter.

99 1635 295 1690 Nonne
331 1635 436 1688 fuit
470 1636 658 1688 melius
696 1583 943 1688 ffiinae
979 1636 1284 1705 pervincere
1320 1653 1494 1688 mores

172 1704 445 1776 (Quamvis
483 1706 638 1775 dura,
675 1708 858 1759 tamen
893 1725 1012 1758 rara
1047 1707 1222 1775 puella
1257 1706 1405 1777 fuit),

102 1775 272 1839 Quam
309 1777 385 1829 sic
421 1777 623 1843 ignotis
662 1776 983 1830 circumdata
1020 1778 1200 1829 littora
1238 1778 1383 1829 silvis

172 1845 399 1901 Cernere
437 1850 491 1900 et
526 1850 737 1917 optatos
775 1866 1023 1916 quaerere
1062 1847 1425 1917 Tyndaridas?

101 1916 219 1970 Illic
256 1917 408 1987 siqua
442 1936 620 1972 meum
658 1919 970 1988 sepelissent
1004 1918 1118 1970 fata
1155 1918 1414 1987 dolorem,

169 1986 403 2041 Vltimus
440 1991 494 2041 et
525 1989 700 2058 posito
741 1991 903 2042 staret
941 2007 1118 2042 amore
1156 1990 1307 2058 lapis,

100 2057 202 2111 Illa
234 2077 355 2112 meo
394 2077 544 2112 caros
583 2060 834 2112 donasset
869 2059 1052 2112 funere
1091 2060 1288 2128 crineS‚

170 2128 406 2182 Molliter
443 2133 497 2183 et
530 2133 714 2183 tenera
748 2134 972 2200 poneret
1008 2149 1129 2183 ossa
1164 2149 1309 2183 rosa:

100 2198 200 2252 Illa
235 2218 414 2253 meum
452 2203 687 2254 extremo
727 2202 1006 2254 clamasset
1041 2202 1257 2270 pulvere
1293 2220 1515 2272 nomen,

171 2268 247 2323 Vt
281 2270 414 2323 mihi
449 2289 560 2324 non
596 2272 706 2324 ullo
743 2270 976 2340 pondere
1012 2275 1152 2324 terra
1187 2272 1341 2324 foret.

101 2340 177 2392 At
211 2358 331 2408 vos,
370 2359 661 2410 aequoreae
696 2342 933 2394 formosa
969 2341 1166 2395 Doride
1203 2346 1389 2411 natae,

172 2409 412 2464 Candida
447 2412 588 2464 felici
626 2413 815 2465 solvite
852 2413 966 2465 vela
1004 2412 1189 2465 choro:

103 2480 159 2534 Si
196 2481 406 2550 quando
443 2486 644 2535 vestras
683 2483 866 2535 labens
902 2484 1070 2535 Amor
1108 2484 1297 2554 attigit
1326 2485 1491 2536 undas
1502 2526 1518 2554 ,

171 2551 464 2605 Mansuetis
502 2554 645 2606 socio
684 2554 885 2623 parcite
923 2554 1183 2607 litoribus,

794 2664 1018 2771 XVIII.-

102 2804 248 2860 Haec
284 2809 425 2861 certe
462 2808 668 2861 deserta
704 2808 824 2860 loca
860 2811 913 2860 et
948 2809 1213 2860 taciturna
1252 2810 1515 2878 querenti,

171 2876 246 2929 Et
278 2896 500 2932 vacuum
537 2879 765 2949 Zephyri
802 2878 1040 2950 possidet
1076 2898 1201 2931 aura
1236 2898 1445 2932 nemus:

186 2962 439 3000 Pmoun-rive.
1420 2969 1446 3009 2

1641 127 1699 177 17

1653 1293 1708 1334 10
