1936 3112
101 167 104 170 ,
141 131 347 191 XXXII]
818 126 996 171 LIBER
1032 124 1110 170 111.
1397 123 1411 136 ‘
1671 114 1736 165 61

210 265 284 318 Et
318 283 430 318 non
466 263 637 318 infiati
676 262 881 316 somnia
919 259 1244 315 Callimachi.

139 335 283 391 Nam
319 353 503 388 cursus
541 335 665 387 licet
700 333 878 386 Aetoli
914 332 1111 384 referas
1149 328 1402 395 Acheloi,

209 406 448 459 Fluxerit
482 408 543 458 ut
578 421 776 473 magno
813 405 986 456 tactus
1024 419 1202 453 amore
1240 401 1434 468 liquor,

139 477 186 530 A
227 494 318 540 *ue
360 475 520 529 etiam
556 478 617 527 ut
651 474 885 543 Phrygio
924 473 1086 525 fallax
1123 469 1428 523 Maeandria
1465 484 1648 535 campo
1687 475 1740 515 35

259 548 369 600 rrat
404 549 457 598 et
491 546 509 598 i
550 564 608 598 sa
644 563 764 597 suas
802 543 1000 612 decipit
1034 542 1176 594 unda
1211 541 1323 593 vias
1334 582 1348 609 ,

141 617 322 680 Qualis
361 619 414 669 et
450 618 497 668 A
537 616 665 668 rasti
702 615 861 667 fuerit
903 613 1100 666 vocalis
1138 612 1332 678 Arion,

210 687 399 740 Tristis
436 686 504 738 ad
540 685 854 738 Archemori
890 685 1078 736 funera
1114 683 1282 735 victor
1319 698 1505 749 equos:

139 757 192 812 N
195 776 267 811 on
301 758 512 827 prosint
546 756 645 809 tibi
682 755 969 824 quadrigae
1006 754 1117 806 fata
1153 751 1507 821 Amphiareae

211 829 322 880 Aut
358 826 593 897 Capanei
630 843 825 895 magno
863 828 1016 895 grata
1052 824 1204 876 ruina
1241 822 1370 876 Iovi.
1687 829 1743 868 40

139 897 336 951 Desine
374 901 428 950 et
462 896 759 965 Aeschyleo
799 913 1100 964 conponere
1138 894 1298 946 verba
1335 891 1621 958 cothurno,

208 968 433 1036 Desine,
473 972 526 1021 et
562 967 628 1019 ad
664 966 850 1019 molles
887 966 1126 1018 membra
1162 965 1364 1017 resolve
1402 962 1608 1015 choros,

139 1038 323 1108 Incipe
360 1039 467 1091 iam
504 1041 731 1107 angusto
769 1055 950 1089 versus
988 1036 1236 1088 incudere
1271 1038 1452 1102 torn0‚

208 1109 377 1179 [nque
412 1112 533 1162 tuos
569 1109 721 1178 ignes
732 1149 746 1176 ,
786 1107 913 1159 dure
951 1114 1133 1175 poeta,
1172 1106 1307 1158 veni.

138 1179 220 1233 Tu
254 1197 366 1233 non
402 1178 749 1246 Antimacho,
787 1196 898 1230 non
933 1178 1099 1229 tutior
1134 1177 1236 1228 ibis
1273 1175 1532 1228 Homero:
1688 1183 1742 1222 45

209 1250 450 1320 Despicit
486 1252 540 1303 et
574 1267 799 1319 magnos
835 1251 980 1301 recta
1014 1246 1193 1316 puella
1228 1247 1370 1298 deos,

138 1321 342 1374 Harum
377 1320 527 1373 nulla
564 1321 702 1372 solet
736 1319 997 1371 rationem
1036 1335 1285 1387 quaerere
1322 1315 1532 1383 mundi,
1687 1325 1739 1363 51

206 1390 322 1446 Nec
360 1409 452 1444 cur
487 1392 736 1443 fraternis
772 1389 925 1441 Luna
961 1389 1166 1441 laboret
1202 1388 1376 1457 equiS‚

137 1461 252 1516 Nec
289 1462 335 1515 si
370 1464 497 1531 post
531 1460 743 1530 Stygias
783 1459 980 1528 aliquid
1016 1459 1332 1512 restabimus
1369 1457 1562 1522 undaS‚

155 1576 159 1580 ,
206 1531 323 1586 Nec
358 1532 404 1585 si
441 1532 684 1585 consulto
721 1531 948 1582 fulmina
983 1531 1148 1582 missa
1183 1532 1387 1582 tonent.
1687 1537 1742 1576 54

139 1603 242 1657 Sed
277 1620 389 1656 non
425 1606 549 1655 ante
586 1602 736 1672 gravi
771 1604 954 1654 taurus
994 1600 1288 1653 succumbit
1325 1602 1525 1667 aratro,
1687 1608 1739 1646 47

209 1672 422 1728 Cornua
459 1691 616 1742 quam
652 1672 840 1724 validis
876 1672 1107 1724 haeserit
1142 1671 1199 1723 in
1235 1671 1460 1739 laqueiS‚

137 1743 252 1798 Nec
286 1747 346 1796 tu
382 1747 492 1796 tam
529 1743 688 1796 duros
725 1761 820 1811 per
854 1745 908 1795 te
944 1741 1158 1811 patieris
1196 1759 1427 1794 amores:

208 1814 350 1868 Trux
385 1818 566 1867 tamen
602 1833 633 1866 a
668 1813 824 1866 nobis
862 1816 983 1865 ante
1021 1812 1314 1865 domandus
1353 1812 1470 1864 eris.
1686 1821 1741 1859 50

139 1886 334 1954 Aspice
369 1903 476 1952 me,
517 1885 602 1937 cui
638 1902 799 1953 parva
837 1883 979 1935 domi
1015 1883 1232 1935 fortuna
1266 1883 1527 1949 relictast,
1686 1892 1740 1930 55

206 1955 399 2009 Nullus
437 1958 491 2008 et
527 1956 746 2023 antiquo
785 1954 957 2006 Marte
994 1953 1292 2022 triumphus
1331 1954 1440 2021 avi,

138 2025 213 2079 Vt
246 2044 465 2096 regnem
501 2027 693 2078 mixtas
733 2025 870 2077 inter
907 2025 1128 2077 conviva
1164 2025 1366 2093 puellas

206 2095 324 2149 Hoc
364 2114 490 2167 ego,
532 2114 635 2165 quo
673 2095 772 2148 tibi
809 2113 951 2147 nunc
989 2095 1187 2163 elevor,
1227 2095 1459 2164 ingenio.

121 2166 225 2237 ‘Me
261 2167 407 2220 iuvet
442 2166 704 2220 hesternis
741 2166 973 2235 positum
1011 2166 1263 2235 languere
1301 2165 1537 2233 corollis,

208 2237 375 2300 Quem
413 2238 592 2307 tetigit
628 2238 767 2290 iactu
805 2239 976 2289 certus
1014 2236 1080 2288 ad
1118 2254 1238 2288 ossa
1276 2235 1402 2287 deus
1413 2277 1427 2303 ,
1687 2245 1742 2285 60

138 2308 296 2362 Actia
330 2307 629 2378 Vergilium
667 2307 900 2360 custodis
938 2307 1120 2360 littora
1156 2306 1382 2373 Phoebi,
1802 2310 1806 2314 ’

207 2377 449 2432 Caesaris
487 2381 540 2431 et
574 2379 738 2430 fortes
777 2378 948 2430 dicere
985 2395 1140 2447 posse
1177 2379 1340 2441 rateS‚

138 2449 240 2513 Qui
276 2467 420 2502 nunc
457 2450 667 2501 Aeneae
705 2448 922 2501 Troiani
960 2449 1182 2500 suscitat
1219 2466 1364 2499 arma

206 2519 454 2588 Iactaque
491 2519 704 2571 Lavinis
742 2519 951 2571 moenia
988 2519 1271 2571 littoribus,

138 2590 321 2653 Cedite
357 2589 585 2643 Romani
624 2590 906 2658 scriptores
919 2632 933 2657 ,
974 2589 1141 2641 cedite
1181 2588 1331 2642 Grai:
1687 2598 1740 2637 (35

207 2658 529 2730 Nescioquid
567 2661 737 2714 maius
781 2661 1015 2712 nascitur
1051 2658 1232 2712 Iliade.

138 2729 216 2783 Tu
253 2731 398 2783 canis
435 2730 670 2784 umbrosi
709 2731 889 2783 subter
927 2732 1108 2799 pineta
1145 2729 1353 2783 Galaesi

207 2800 437 2871 Thyrsin
475 2805 528 2854 et
564 2802 759 2854 attritis
785 2800 1040 2870 Daphnin
1076 2800 1485 2868 harundinibuS,

140 2870 314 2941 thue
352 2872 532 2925 decem
568 2872 779 2942 possint
816 2890 1151 2942 corrumpere
1189 2872 1328 2923 mala
1363 2873 1591 2941 puellaS,
