1936 3112
506 463 771 546 SEX.
837 468 1590 550 PROPERTII

792 607 960 667 ELE
970 606 1304 670 GIARVM

723 762 958 811 LIBER
1005 763 1363 821 QVINTVS.
1769 767 1838 814 IV

515 922 572 955 '
1020 945 1064 1005 I.

353 1038 485 1104 Hoc
532 1053 893 1122 quodcumque
937 1054 1080 1105 vides
1093 1095 1107 1122 ,
1154 1053 1344 1176 hospzes
1355 1095 1370 1121 ,
1420 1073 1521 1177 qpa
1565 1057 1792 1109 maxima

1306 1142 1449 1176 omas
1487 1167 1501 1193 ,

422 1193 564 1244 Ante
601 1193 865 1263 Phrygem
904 1194 1122 1246 Aenean
1160 1194 1307 1246 collis
1347 1197 1400 1247 et
1435 1194 1598 1247 herba
1631 1195 1757 1248 fuit·

356 1262 526 1329 Atque
563 1263 653 1314 ubi
689 1263 882 1316 Navali
919 1267 1067 1316 stant
1103 1282 1252 1316 sacra
1290 1264 1497 1317 Palatia
1533 1265 1762 1334 Phoebo,

421 1331 658 1385 Euandri
693 1334 949 1403 profugae
987 1335 1313 1387 concubuere
1350 1335 1524 1388 boves,

304 1411 329 1450 5
356 1400 628 1454 Fictilibus
667 1420 875 1455 crevere
913 1404 1023 1456 deis
1061 1405 1190 1457 haec
1227 1423 1383 1456 aurea
1418 1405 1633 1474 templa,

419 1471 533 1525 Nec
568 1473 672 1525 fuit
709 1474 989 1541 opprobrio
1028 1474 1169 1526 facta
1206 1475 1319 1527 sine
1357 1478 1467 1527 arte
1506 1493 1656 1544 casa,

351 1540 705 1612 Tarpeiusque
742 1547 894 1611 pater
930 1544 1071 1596 nuda
1106 1544 1170 1596 de
1206 1563 1334 1613 rupe
1370 1546 1619 1614 tonabat,

421 1611 494 1663 Et
529 1612 734 1665 Tiberis
772 1614 966 1666 nostris
1004 1615 1205 1667 advena
1243 1615 1412 1667 bubus
1451 1618 1580 1668 erat.
1803 1673 1816 1677 ⁴,

350 1680 464 1743 Qua
500 1683 751 1752 gradibus
789 1684 971 1736 domus
1008 1685 1110 1736 ista
1145 1684 1298 1737 Remi
1335 1703 1389 1737 se
1426 1686 1666 1753 sustulit,
1707 1686 1830 1738 olim

270 1762 321 1800 10
415 1751 564 1804 Unus
604 1759 715 1805 erat
750 1754 974 1805 fratrum
1009 1755 1236 1806 maxima
1271 1773 1436 1824 regna
1471 1755 1635 1808 focus,

349 1820 521 1890 Curia,
559 1827 829 1891 praetexto
868 1842 1000 1892 quae
1037 1843 1180 1877 nunc
1216 1826 1354 1877 nitet
1389 1825 1496 1877 alta
1531 1828 1740 1894 senatU,

420 1892 636 1945 Pellitos
674 1894 883 1961 habuit,
924 1895 1120 1946 rustica
1158 1895 1339 1962 corda,
1377 1898 1569 1963 patres

347 1961 551 2014 Bucina
589 1964 811 2033 cogebat
845 1964 1047 2032 priscos
1086 1965 1152 2016 ad
1189 1965 1347 2016 verba
1386 1964 1637 2026 Quirites:

417 2031 643 2085 Centum
679 2034 757 2086 illi
793 2034 851 2085 in
885 2038 1038 2102 prato
1075 2053 1227 2103 saepe
1265 2038 1477 2087 senatus
1514 2039 1640 2087 erat.

269 2111 317 2150 15
344 2101 456 2154 Nec
494 2103 708 2155 sinuosa
745 2122 869 2155 cavo
905 2104 1209 2172 pendebant
1247 2105 1359 2156 vela
1395 2105 1602 2157 theatro
1615 2147 1630 2174 ,

413 2172 625 2241 Pulpita
661 2174 942 2226 sollemnes
979 2192 1091 2226 non
1129 2175 1303 2227 oluere
1343 2192 1541 2228 crocos,

349 2241 496 2294 Nulli
535 2261 657 2295 cura
692 2244 795 2296 fuit
831 2248 1073 2296 externos
1110 2262 1354 2312 quaerere
1392 2245 1564 2312 divos,

415 2311 548 2364 Cum
583 2316 832 2365 tremeret
867 2315 1040 2381 patrio
1076 2315 1304 2381 pendula
1341 2314 1493 2366 turba
1529 2333 1699 2384 sacre,

344 2382 637 2451 Annuaque
674 2401 893 2436 accenso
933 2384 1194 2435 celebrare
1232 2384 1424 2436 Parilia
1458 2385 1640 2452 faenO,

262 2462 316 2500 20
412 2451 597 2513 Qualia
633 2471 775 2505 nunc
812 2456 959 2505 curto
997 2454 1165 2505 lustra
1202 2457 1463 2506 novantur
1499 2473 1649 2523 equo,

344 2520 505 2573 Vesta
542 2524 805 2575 coronatis
842 2542 1039 2591 pauper
1075 2523 1338 2592 gaudebat
1374 2524 1572 2592 asellis,

415 2591 693 2645 Ducebant
728 2611 932 2645 macrae
971 2593 1093 2645 vilia
1131 2612 1276 2646 sacra
1313 2594 1488 2646 boves,

342 2661 509 2713 Parva
544 2663 776 2732 saginati
813 2663 1109 2715 lustrabant
1147 2663 1376 2730 compita
1410 2664 1572 2731 porci,

411 2731 599 2784 Pastor
637 2736 689 2784 et
726 2733 789 2784 ad
829 2733 1055 2784 calamos
1095 2737 1215 2785 exta
1251 2733 1437 2785 litabat
1474 2734 1601 2786 ovis,

261 2811 315 2850 25
340 2800 574 2853 Verbera
609 2803 823 2870 pellitus
862 2806 1034 2855 setosa
1070 2804 1312 2855 movebat
1349 2804 1537 2869 arator,

409 2871 562 2923 Unde
601 2872 764 2923 licens
802 2872 995 2925 Fabius
1035 2891 1180 2925 sacra
1216 2872 1481 2940 Lupercus
1518 2872 1691 2926 habet.
