1936 3112
1640 74 1686 125 ‘Ut

1677 74 1708 125 z&

111 82 294 143 xxvi]
769 83 949 128 LIBER
985 83 1063 128 ιιι.

286 187 444 272 Nunc
480 219 600 287 dea,
616 237 772 299 ‘quae
809 218 922 272 Nili
959 219 1178 271 flumina
1213 236 1371 270 vacca
1406 216 1557 268 bibit.

216 289 314 345 Ino
352 290 511 342 etiam
547 289 717 358 prima
751 288 946 341 Thebis
985 292 1155 342 aetate
1191 289 1453 358 fugatast:

134 371 189 410 20
283 359 437 413 Hanc
473 360 633 412 miser
669 360 903 439 inplorat
936 360 1116 411 navita
1154 358 1506 411 Leucothoen.

217 430 551 483 Andromede
587 430 840 482 monstris
878 431 1054 482 fuerat
1090 430 1280 481 devota
1316 428 1558 480 marinis:

285 500 432 554 Haec
469 500 651 553 eadem
687 500 867 552 Persei
903 501 1098 552 nobilis
1136 518 1268 551 uxor
1305 501 1430 551 erat.

217 569 438 624 Callisto
475 570 733 623 Arcadios
771 573 1035 623 erraverat
1070 589 1192 622 ursa
1226 588 1320 638 per
1358 587 1541 638 agros:

285 640 432 694 Haec
466 644 729 693 nocturna
764 659 859 693 suo
897 641 1067 693 sidere
1102 641 1220 693 vela
1255 640 1407 709 regit.

135 722 189 762 25
216 711 369 774 Quod
405 712 450 764 si
486 712 625 764 forte
660 711 760 763 tibi
796 711 1133 780 properarint
1168 711 1277 762 fata
1314 711 1567 779 quietem,

286 781 388 834 Illa
423 782 723 851 sepulturae
758 782 871 834 fata
907 782 1060 834 beata
1094 784 1230 833 tuae.

214 851 468 905 Narrabis
507 851 768 920 Semelae,
806 870 910 921 quo
949 852 1019 904 sit
1055 852 1289 904 formosa
1324 850 1550 919 pericIO,

286 921 479 976 Credet
514 925 568 975 et
603 923 718 990 illa,
759 940 852 975 suo
888 922 1045 974 docta
1080 923 1256 990 puella
1290 922 1454 990 ma103

216 993 290 1045 Et
324 993 424 1045 tibi
460 993 734 1046 Maeonias
771 993 911 1045 inter
945 992 1191 1045 heroidas
1229 1010 1413 1044 omnes

133 1074 189 1113 30
283 1062 492 1116 Primus
529 1063 630 1116 erit
664 1064 812 1116 nulla
847 1081 957 1115 non
989 1063 1254 1115 tribuente
1292 1063 1454 1114 locus

216 1133 399 1202 Nunc,
436 1137 718 1203 utcumque
753 1136 929 1202 potes,
967 1134 1077 1185 fato
1111 1151 1236 1203 gere
1271 1133 1447 1185 saucia
1482 1151 1708 1184 morem:

285 1203 359 1256 Et
395 1204 522 1256 deus
561 1207 614 1257 et
650 1204 809 1256 durus
846 1205 1068 1256 vertitur
1103 1207 1216 1272 ipse
1256 1204 1382 1256 dies.

216 1274 335 1327 Hoc
371 1274 472 1327 tibi
507 1275 592 1327 vel
626 1275 847 1343 poterit,
887 1274 1117 1326 coniunx
1128 1315 1141 1341 ,
1181 1275 1456 1339 ignoscere
1493 1273 1654 1325 Iuno:

284 1345 573 1415 Frangitur
609 1347 662 1398 et
697 1344 853 1412 Iun0,
893 1345 1044 1413 siqua
1078 1345 1256 1413 puella
1292 1344 1443 1413 perit.

820 1524 1007 1585 XXV.

216 1627 484 1681 Deficiunt
517 1628 726 1697 magico
763 1627 891 1679 torti
929 1627 1025 1679 sub
1064 1627 1296 1680 carmine
1331 1627 1566 1694 rhombi,
1653 1637 1707 1676 35

286 1698 360 1752 Et
394 1699 532 1752 iacet
568 1699 800 1751 extincto
838 1698 1015 1750 laurus
1053 1698 1241 1750 adusta
1276 1698 1421 1766 focO,

216 1767 291 1821 Et
326 1769 432 1821 iam
469 1768 620 1822 Luna
655 1770 819 1838 negat
853 1768 1050 1820 totiens
1088 1768 1403 1821 descendere
1441 1769 1614 1837 caeIO,

286 1838 359 1895 Ni
361 1857 561 1920 graque
596 1839 866 1892 funestum
906 1839 1140 1891 concinit
1177 1857 1334 1891 omen
1370 1841 1496 1892 aviS.

170 1920 197 1960 ὅ
222 1909 346 1962 Vna
378 1910 508 1962 ratis
543 1910 641 1962 fati
676 1912 887 1962 nostros
922 1909 1158 1978 portabit
1193 1927 1399 1962 amores

290 1979 514 2034 Caerula
549 1980 615 2032 ad
651 1980 890 2032 infernos
925 1980 1186 2032 velificata
1221 1981 1380 2033 lacus,
1654 1992 1709 2031 40

219 2049 275 2104 Si
310 2068 422 2104 non
456 2051 641 2119 uniuS,
679 2068 872 2119 quaeso
882 2091 897 2118 ,
935 2050 1182 2102 miserere
1218 2050 1454 2103 duorum.

288 2120 505 2189 Vivam,
543 2122 585 2173 si
625 2121 789 2174 vivet:
829 2121 873 2172 si
910 2120 1061 2173 cadet
1095 2121 1212 2188 illa,
1251 2121 1453 2173 cadam.

219 2191 323 2245 Pro
361 2192 550 2261 quibus
587 2192 782 2261 optatis
821 2209 970 2243 sacro
1008 2209 1092 2243 me
1130 2192 1360 2243 carmine
1398 2192 1614 2245 damno:

141 2273 193 2313 10
288 2262 526 2315 Scribam
552 2280 652 2331 ego
691 2269 813 2331 ‘per
837 2280 1090 2331 magnum
1115 2262 1259 2314 salva
1283 2263 1457 2331 puella
1481 2263 1659 2315 Iovem
1674 2270 1706 2331 3'

220 2333 363 2385 Ante
388 2336 613 2401 tuosque
637 2333 797 2401 pedes
822 2332 915 2384 illa
939 2332 1055 2401 ipsa
1079 2332 1330 2401 adoperta
1354 2333 1581 2402 sedebit,
1655 2346 1707 2383 45

289 2403 642 2472 Narrabitque
680 2402 868 2455 sedens
905 2403 1066 2472 longa
1100 2403 1299 2471 pericla
1335 2421 1444 2456 sua.
1608 2409 1610 2411 ’

801 2582 1018 2642 XXVI.

222 2684 367 2739 Haec
392 2688 498 2753 tua,
525 2684 879 2753 Persephone,
903 2687 1116 2737 maneat
1140 2685 1435 2753 clementia,
1457 2703 1556 2738 nec
1577 2690 1652 2754 tu,

291 2755 661 2825 Persephonae
699 2755 951 2823 coniunx,
991 2755 1195 2807 saevior
1230 2774 1344 2808 esse
1381 2756 1527 2809 veliS.

225 2826 361 2880 Sunt
395 2826 534 2895 apud
570 2826 807 2878 infernos
845 2827 927 2877 tot
960 2826 1109 2877 milia
1145 2827 1522 2880 formosarum:
