1936 3112
97 111 218 169 xlm
289 80 292 83 ’
739 111 919 156 LIBER
954 111 1057 157 1111.
1632 103 1700 156 79

95 245 247 301 Felix
283 241 410 300 Eois
445 246 533 300 lex
566 245 770 300 funeris
806 265 914 299 una
950 247 1154 300 maritis
1164 287 1179 314 ,
1645 254 1696 294 15

167 316 312 380 Quos
348 316 556 370 Aurora
591 317 699 370 suis
735 318 895 370 rubra
932 318 1135 370 colorat
1171 317 1334 386 equis,

94 386 337 457 Namque
372 387 464 441 ubi
499 387 776 441 mortifero
814 389 1006 441 iactast
1042 391 1130 440 fax
1167 388 1354 440 ultima
1390 388 1554 457 lect0,

166 456 404 512 onrum
438 457 571 511 fusis
610 460 719 510 stat
755 459 844 527 pia
878 458 1030 511 turba
1071 459 1236 511 comis
1247 499 1262 526 ,

93 527 169 583 Et
203 530 472 582 certa-men
507 527 709 581 habent
745 529 862 597 leti,
902 547 1052 598 quae·
1074 530 1192 581 viva
1229 532 1477 597 sequatur

18 655 20 657 ,
167 597 511 669 Coniugium:
548 598 720 668 pudor
756 602 838 651 est
872 618 981 652 non
1018 600 1229 652 licuisse
1266 600 1414 652 mori.
1643 610 1698 650 20

95 668 304 722 Ardent
337 669 579 722 victrices
618 672 672 722 et
706 669 946 722 flammae
982 673 1196 739 pectora
1230 670 1511 739 praebent,

165 738 541 809 Inponuntque
579 739 687 792 suis
725 757 818 792 ora
853 743 1068 809 perusta
1104 740 1243 793 viris,

99 809 200 863 Hic
235 827 404 880 genus
440 810 662 863 infidum
697 813 983 879 nuptarum
998 852 1013 878 ,
1051 810 1139 863 hic
1175 811 1323 864 nulla
1358 812 1534 880 puella

165 879 280 934 Nec
315 880 420 933 fida
454 880 713 934 Euhadne
749 899 848 933 nec
884 882 973 950 pia
1009 881 1290 950 Penelope.

96 949 246 1004 Felix
283 954 552 1020 agrestum
590 951 857 1020 quondam
893 956 1080 1021 pacata
1115 953 1386 1021 iuventUS,
1644 963 1697 1004 25

167 1019 397 1075 Divitiae
431 1039 654 1091 quorum
690 1022 877 1074 messis
915 1028 968 1074 et
1004 1023 1159 1074 arbor
1195 1025 1359 1075 erant.

96 1091 211 1144 Illis
248 1111 440 1146 munus
477 1095 592 1146 erat
627 1093 847 1145 decussa
884 1091 1125 1160 Cydonia
1160 1111 1305 1146 ramo

166 1161 240 1215 Et
275 1163 398 1216 dare
432 1163 670 1232 puniceis
705 1163 864 1232 plena
901 1164 1132 1215 canistra
1167 1164 1337 1232 rubiS,

98 1232 259 1287 Nunc
293 1234 461 1286 violas
496 1233 717 1286 tondere
753 1252 944 1301 manu,
981 1252 1123 1286 nunc
1161 1235 1326 1287 mixta
1361 1236 1557 1288 referre

167 1303 304 1356 Lilia
338 1304 606 1374 virgineos
643 1304 820 1356 lucida
854 1322 950 1373 per
987 1305 1249 1372 calathos,
1644 1318 1699 1356 30

97 1373 171 1428 Et
205 1376 416 1443 portare
452 1375 560 1427 suis
597 1375 814 1427 vestitas
850 1375 1127 1428 frondibus
1165 1395 1291 1428 uvas

167 1445 279 1497 Aut
314 1445 514 1498 variam
549 1445 762 1514 plumae
800 1446 1132 1498 versicoloris
1170 1465 1334 1499 avem.

97 1514 199 1571 His
234 1518 348 1568 tum
384 1515 656 1568 blanditiis
691 1516 886 1569 furtiva
922 1535 1016 1585 per
1050 1519 1202 1569 antra
1238 1518 1447 1586 puellae

169 1584 364 1639 Oscula
399 1586 649 1639 silvicolis
688 1589 866 1656 empta
904 1586 1091 1640 dedere
1128 1588 1270 1641 viris,

97 1655 316 1710 Hinulei
351 1657 508 1726 pellis
546 1658 740 1710 stratos
777 1658 1018 1726 operibat
1054 1661 1317 1728 amanteS,
1644 1679 1700 1724 35

167 1727 397 1796 Altaque
431 1727 613 1780 nativo
651 1731 886 1781 creverat
921 1728 1087 1781 herba
1124 1732 1267 1798 toro,

96 1796 262 1852 Pinus
300 1801 354 1852 et
387 1797 699 1851 incumbens
735 1799 906 1852 lentas
944 1800 1304 1853 circumdabat
1339 1802 1553 1855 umbras
1564 1802 1585 1872 ,⁴

167 1867 283 1922 Nec
316 1867 492 1922 fuerat
525 1868 694 1922 nudas
729 1887 902 1938 poena
938 1870 1114 1923 videre
1151 1871 1273 1923 deas
1284 1912 1299 1939 ,

98 1937 359 2009 Corniger
394 1942 552 2009 atque
589 1939 673 1992 dei
708 1958 928 1993 vacuam
963 1942 1188 2010 pastoris
1225 1942 1282 1994 in
1319 1943 1493 1996 aulam

166 2007 290 2062 Dux
326 2009 461 2063 aries
498 2013 701 2063 saturas
738 2011 851 2079 ipse
887 2011 1096 2064 reduxit
1132 2030 1280 2080 oves,
1643 2026 1698 2066 40

97 2078 169 2134 Di
205 2097 272 2133 ue
307 2079 538 2150 deaeque
575 2099 782 2149 omnes»,
834 2083 1022 2150 quibus
1068 2085 1148 2135 est
1182 2084 1349 2136 tutela
1384 2103 1479 2153 per
1515 2103 1696 2156 agros,

212 2150 503 2204 racbebant
536 2151 726 2204 vestris
763 2153 924 2205 verba
960 2153 1195 2223 benigna
1230 2154 1390 2207 focis:

99 2219 204 2274 ‘Et
237 2221 498 2291 leporem,
535 2222 848 2291 quicumque
885 2224 1031 2276 venis
1043 2265 1056 2291 ,
1096 2224 1396 2294 venaberiS,
1445 2225 1635 2295 hospes
1646 2268 1660 2295 ,

166 2290 242 2345 Et
276 2292 322 2345 si
356 2292 495 2345 forte
531 2310 650 2345 meo
688 2293 902 2346 tramite
940 2295 1146 2362 quaeris
1185 2313 1358 2347 avem:

96 2361 171 2416 Et
204 2379 290 2415 me
326 2361 474 2416 Pana
508 2363 608 2415 tibi
645 2364 893 2416 comitem
930 2364 994 2417 de
1030 2383 1159 2434 rupe
1195 2370 1384 2418 vocato
1394 2407 1411 2435 ,
1641 2378 1697 2419 45

168 2430 289 2486 Sive
326 2436 474 2502 petes
512 2434 712 2487 calamo
750 2435 1006 2503 praemia,
1046 2436 1154 2488 sive
1193 2444 1357 2489 cane.'

97 2502 174 2556 At
206 2521 349 2556 nunc
386 2503 604 2557 desertis
643 2508 851 2557 cessant
887 2506 1116 2558 sacraria
1153 2507 1310 2560 lucis:

166 2573 372 2643 Aurum
409 2591 593 2627 omnes
629 2575 770 2628 victa
805 2576 912 2628 iam
950 2576 1147 2645 pietate
1186 2578 1382 2632 colunt.

98 2643 245 2696 Auro
281 2645 435 2713 pulsa
468 2645 622 2714 fides,
661 2663 787 2698 auro
828 2647 1031 2699 venalia
1067 2647 1203 2715 iura,

169 2715 372 2767 Aurum
408 2715 492 2768 lex
529 2717 786 2785 sequitur,
826 2735 949 2770 mox
987 2718 1100 2769 sine
1138 2718 1254 2787 lege
1292 2720 1474 2787 pudor.
1642 2733 1696 2773 50

99 2781 320 2839 Torrida
355 2786 669 2856 sacrilegum
704 2789 967 2839 testantur
1004 2788 1187 2840 limina
1224 2788 1521 2860 Brennum,

168 2852 310 2908 Dum
344 2856 482 2926 petit
520 2857 718 2910 intonsi
753 2857 946 2928 Pythia
981 2876 1148 2930 regna
1186 2858 1295 2914 dei:
