1936 3112
107 107 268 166 xxm]
761 109 939 153 LIBER
976 109 1054 154 111.
1638 104 1704 156 51

164 254 192 295 5
216 243 356 297 Nam
388 261 506 296 mea
541 262 661 297 011111
684 244 896 313 1601131,
933 245 1062 297 dicit
1095 263 1150 296 se
1176 243 1347 297 odisse
1371 243 1579 296 beatos:
1653 255 1707 292 25

283 311 533 367 Carmina
567 317 678 367 tam
716 317 898 368 sancte
934 315 1081 368 nulla
1117 316 1297 383 puella
1334 315 1475 367 colit.

211 382 442 438 Multum
486 385 544 437 in
590 403 768 438 amore
817 385 973 451 fides,
1029 386 1257 438 multum
1303 385 1602 438 constantia

1117 456 1357 525 prodest:

285 524 388 588 Qui
413 525 536 578 dare
562 526 730 578 multa
754 529 945 595 potest,
971 527 1140 579 multa
1165 529 1219 579 et
1243 545 1419 579 amare
1444 528 1636 594 potest.

214 595 319 650 Seu
353 614 497 649 mare
532 614 628 666 per
663 597 887 667 longum
923 616 1041 650 mea
1077 598 1278 667 cogitet
1311 598 1388 650 ire
1424 597 1626 665 puella,

134 677 188 717 10
279 665 434 720 Hanc
470 685 659 736 sequar
695 670 749 720 et
783 668 918 720 fidos
954 686 1063 720 una
1099 671 1222 737 aget
1258 685 1385 720 aura
1421 667 1570 719 duos.
1653 677 1708 716 30

213 735 392 790 Vnum
427 737 554 790 litus
593 738 693 791 erit
728 738 915 807 sopitis
951 756 1159 807 unaque
1194 741 1335 791 tecto

282 807 483 876 Arbor,
522 811 575 861 et
611 827 675 860 ex
710 827 817 860 una
853 826 1008 877 saepe
1043 809 1286 862 bibemus
1325 827 1486 878 aqua,

212 877 287 931 Et
308 878 490 931 tabula
513 897 622 932 una
646 879 776 932 duos
801 880 998 948 poterit
1023 897 1322 949 conpone-re
1348 882 1587 932 amantes
1599 920 1613 947 ,

127 993 132 998 .
283 947 450 1002 Prora
485 949 656 1002 cubile
693 949 824 1002 mihi
861 968 953 1002 seu
989 949 1121 1002 mihi
1156 950 1349 1019 puppis
1387 950 1501 1002 erit.

136 1029 186 1069 15
213 1018 406 1072 Omnia
439 1020 731 1089 perpetiar:
770 1038 954 1073 saevus
991 1021 1117 1073 11061
1152 1023 1339 1091 urgeat
1374 1021 1569 1073 Eurus·
1653 1030 1706 1069 35

284 1089 519 1159 Velaque
554 1091 614 1143 in
648 1091 908 1143 incertum
945 1091 1170 1160 frigidus
1208 1093 1403 1143 Auster
1440 1093 1590 1160 agat,

213 1159 540 1229 Quicumque
577 1163 631 1213 et
654 1162 800 1213 venti
834 1162 1086 1214 miserum
1111 1162 1340 1214 vexastis
1373 1161 1567 1214 Vlixen

282 1230 356 1283 Et
389 1230 637 1284 Danaum
672 1231 912 1284 Euboico
949 1232 1127 1284 littore
1163 1233 1309 1284 mille
1344 1235 1509 1300 13168,

213 1301 286 1354 Et
310 1302 401 1370 qui
425 1302 666 1354 movistis
693 1301 795 1354 duo
829 1304 864 1370 †
889 1303 1093 1369 littora,
1131 1321 1250 1355 cum
1285 1303 1431 1355 rudis
1456 1303 1635 1372 Argus

131 1382 188 1422 20
281 1371 404 1424 Dux
440 1375 554 1425 erat
588 1373 773 1442 ignoto
810 1373 974 1425 missa
1010 1374 1254 1426 columba
1289 1374 1437 1426 mari.
1652 1383 1708 1423 40

213 1441 315 1495 Illa
350 1443 482 1496 meis
519 1445 729 1496 tantum
765 1461 875 1495 non
909 1462 1158 1512 umquam
1197 1444 1334 1496 desit
1370 1444 1577 1512 ocellis,

164 1517 169 1520 ’
282 1512 540 1566 Incendat
574 1532 763 1566 navem
799 1513 1038 1583 Iuppiter
1079 1516 1192 1583 ipse
1230 1515 1367 1567 licet.

213 1582 369 1637 Certe
406 1584 574 1636 isdem
610 1584 740 1637 nudi
776 1585 975 1653 pariter
1011 1585 1326 1637 iactabimur
1363 1585 1494 1637 oris:

282 1654 370 1707 Me
407 1655 532 1707 licet
567 1655 711 1707 unda
745 1655 906 1724 ferat,
942 1658 995 1707 te
1033 1656 1191 1708 modo
1228 1659 1371 1708 terra
1406 1657 1574 1726 tegat.

129 1735 184 1776 25
211 1723 316 1779 Sed
349 1743 461 1778 non
498 1725 779 1795 Neptunus
815 1728 965 1778 tanto
1006 1726 1231 1779 crudelis
1270 1726 1460 1794 amori,
1651 1737 1706 1777 45

281 1795 563 1866 Neptunus
598 1795 753 1848 fratri
790 1815 885 1865 par
926 1797 982 1848 in
1021 1815 1198 1849 amore
1234 1796 1366 1850 Iovi.

210 1865 384 1919 Testis
418 1867 740 1936 Amymone,
776 1867 959 1920 latices
995 1886 1113 1920 cum
1149 1868 1335 1936 ferret,
1370 1868 1430 1920 in
1462 1868 1626 1937 Argis

283 1935 586 2006 Oonpressa
623 1940 676 1989 et
711 1937 913 1990 Lernae
950 1939 1104 2007 pulsa
1138 1938 1369 1991 tridente
1406 1939 1575 2007 paluS.

212 2006 325 2060 Iam
362 2007 490 2060 deus
527 2009 773 2077 amplexu
809 2011 992 2060 votum
1028 2010 1308 2078 persolvit,
1347 2012 1402 2061 at
1436 2009 1518 2060 illi

127 2088 184 2128 30
277 2079 456 2131 Aurea
491 2077 696 2131 divinas
732 2097 866 2131 111113
900 2079 1138 2148 profudit
1173 2098 1352 2148 aquas.
1651 2091 1706 2131 50

212 2147 492 2202 Crudelem
527 2151 582 2201 et
618 2147 827 2201 Borean
863 2152 1018 2218 rapta
1055 2150 1300 2219 Orithyia
1334 2151 1573 2220 negavit:

285 2218 384 2272 Hic
420 2219 548 2271 deus
586 2222 640 2272 et
673 2222 840 2271 terras
878 2223 931 2272 et
965 2221 1132 2272 maria
1169 2222 1278 2272 alta
1314 2221 1511 2273 domat.

211 2288 380 2343 Crede
414 2289 574 2358 mihi,
611 2290 766 2342 nobis
792 2291 1035 2344 mitescet
1060 2291 1237 2359 Scylla
1260 2309 1359 2344 nec
1383 2310 1634 2360 umquam

280 2361 596 2412 Alternante
634 2378 828 2412 vacans
866 2370 1017 2414 vasta
1054 2358 1347 2430 Charybdis
1386 2381 1545 2431 aqua,

127 2441 181 2481 35
207 2431 433 2500 Ipsaque
467 2431 640 2483 sidera
673 2435 828 2483 erunt
859 2433 1020 2485 nullis
1056 2433 1282 2484 obscura
1315 2433 1574 2486 tenebris:
1650 2444 1704 2485 55

279 2501 448 2554 Purus
487 2504 540 2553 et
565 2499 755 2569 Orion,
794 2521 955 2571 purus
994 2508 1046 2554 et
1081 2502 1295 2555 Haedus
1333 2504 1447 2556 erit.

211 2571 363 2634 Quod
401 2570 530 2623 mihi
568 2572 611 2623 si
650 2572 895 2639 ponenda
936 2576 1027 2625 tuo
1065 2574 1134 2625 sit
1173 2592 1390 2642 corpore
1428 2575 1562 2646 vita,

198 2710 202 2713 γ
280 2639 466 2695 Exitus
505 2641 590 2694 hic
628 2641 780 2694 nobis
819 2662 928 2695 non
966 2643 1278 2696 inhonestus
1317 2645 1429 2697 erit.
