1936 3112
196 157 265 212 28
833 169 1149 214 PROPERTH
1680 168 1784 253 [521.

244 322 288 377 ⁰.
939 327 1038 387 VI.

235 466 239 472 .
298 423 424 477 Non
460 427 535 478 ita
571 427 887 495 conplebant
922 428 1196 497 Ephyreae
1233 429 1422 481 Laidos
1460 428 1636 497 aedeS‚

368 496 454 547 Ad
490 497 635 549 cuius
671 499 831 549 iacuit
868 498 1087 551 Graecia
1121 501 1235 551 tota
1269 500 1432 567 foreS,

298 564 472 618 Turba
506 567 855 620 Menandreae
889 570 1060 620 fuerat
1093 587 1190 621 nec
1226 568 1456 621 Thaidos
1492 569 1619 621 olim

344 635 560 702 'Tanta,
597 637 653 689 in
692 655 794 705 qua
828 639 1053 706 populus
1089 639 1217 691 lusit
1251 638 1627 691 Erichthonius
1635 679 1650 706 ‚

250 714 276 754 ὅ
302 704 415 758 Nec
451 724 582 775 quae
620 707 816 759 deletas
852 709 1025 776 potuit
1061 726 1357 778 conponere
1394 708 1625 777 ThebaS,

368 775 576 844 Phryne
612 780 722 829 tam
757 779 937 830 multis
972 779 1114 830 facta
1149 780 1302 831 beata
1337 778 1476 831 viris,

296 844 435 907 Quin
471 847 628 899 etiam
663 848 827 900 falsos
862 849 1018 918 fingis
1054 849 1153 900 tibi
1190 867 1343 917 saepe
1378 848 1727 917 propianOS‚

367 915 559 968 Oscula
594 935 692 969 nec
730 918 918 970 desunt
954 919 1043 987 qui
1077 919 1176 970 tibi
1213 919 1324 971 iure
1358 918 1546 971 ferant.

294 985 381 1037 Me
417 987 662 1039 iuvenum
697 989 867 1056 pictae
903 988 1089 1057 facieS,
1127 1006 1212 1041 me
1247 989 1466 1041 nomina
1500 988 1739 1054 laedunt,

214 1066 267 1105 10
361 1056 447 1108 Me
482 1059 632 1109 tener
667 1058 724 1109 in
761 1059 907 1110 cunis
947 1061 1000 1110 et
1036 1059 1147 1111 sine
1183 1076 1310 1111 voce
1346 1076 1498 1127 puer,

294 1125 381 1178 Me
417 1127 603 1196 laedit,
643 1129 689 1179 si
724 1129 891 1180 multa
924 1129 1024 1180 tibi
1060 1129 1205 1181 dedit
1241 1129 1419 1181 oscula
1453 1130 1651 1196 mater,

362 1196 450 1250 Me
487 1215 636 1250 soror
672 1200 725 1250 et
761 1216 878 1250 curn
915 1216 1045 1266 quae
1083 1199 1277 1251 dormit
1311 1199 1478 1251 amica
1514 1198 1694 1251 simul:

295 1265 485 1318 Omnia
508 1286 592 1320 me
617 1268 853 1320 laedunt:
890 1269 1105 1320 timidus
1131 1287 1247 1320 sum
1275 1269 1512 1338 (ignosce
1534 1268 1736 1338 timori)

364 1336 437 1388 Et
471 1338 629 1390 miser
666 1339 722 1389 in
756 1339 935 1390 tunica
971 1339 1207 1407 suspicor
1243 1357 1355 1391 esse
1390 1338 1574 1391 virum.

217 1416 267 1456 15
293 1405 392 1458 His
429 1407 584 1476 olim,
622 1411 682 1459 ut
716 1408 930 1477 famast‚
967 1409 1109 1460 vitiis
1147 1409 1213 1461 ad
1247 1409 1448 1478 proelia
1481 1409 1771 1476 ventumst,

360 1476 460 1529 His
497 1477 723 1530 Troiana
757 1479 902 1531 vides
938 1479 1124 1531 funera
1157 1479 1447 1548 principiis,

290 1546 491 1615 Aspera
529 1547 818 1601 Centauros
857 1549 1037 1601 eadem
1074 1549 1336 1602 dementia
1370 1549 1524 1601 iussit

360 1617 623 1687 Frangere
659 1620 716 1671 in
752 1619 1026 1671 adversum
1061 1620 1253 1688 pocula
1287 1618 1597 1671 Pirithoum.

292 1685 398 1740 Cur
422 1689 659 1757 exempla
682 1691 859 1757 petam
886 1688 1139 1742 Graium?
1177 1692 1236 1742 tu
1271 1689 1503 1741 criminis
1529 1689 1734 1758 auctor,

208 1767 263 1807 20
357 1757 599 1811 Nutritus
638 1759 819 1827 durae,
857 1758 1106 1827 Romule,
1145 1760 1279 1811 lacte
1315 1760 1494 1827 lupae:

290 1827 369 1878 Tu
404 1846 588 1896 rapere
623 1829 847 1881 intactas
886 1829 1109 1881 docuisti
1146 1830 1342 1898 inpune
1380 1828 1628 1882 Sabinas:

357 1897 459 1950 Per
495 1901 547 1950 te
582 1917 723 1951 nunc
759 1899 957 1951 Romae
995 1899 1251 1967 quidlibet
1292 1899 1447 1951 audet
1481 1898 1662 1952 Amor.

288 1966 436 2020 Felix
472 1968 686 2021 Admeti
724 1970 952 2021 coniunx
989 1973 1041 2021 et
1076 1970 1242 2022 lectus
1279 1969 1475 2037 Vlixis,

357 2037 431 2089 Et.
466 2056 818 2107 quaecumque
854 2039 952 2091 viri
988 2040 1187 2091 femina
1222 2039 1383 2091 limen
1419 2042 1572 2093 amat.

206 2117 259 2158 25
285 2107 503 2176 Templa
538 2108 826 2161 Pudicitiae
864 2109 988 2177 quid
1026 2127 1156 2178 opus
1194 2110 1437 2162 statuisse
1473 2109 1664 2177 puellis
1672 2148 1691 2179 ,

359 2177 414 2230 Si
452 2179 615 2230 cuivis
652 2182 846 2279 nuptgae
885 2179 1140 2247 quidlibet
1177 2198 1289 2232 esse
1325 2179 1489 2231 licet?

1171 2250 1200 2280 ἦε

968 2288 997 2319 ²1⁸

287 2330 429 2394 Quae
465 2350 651 2384 manus
690 2332 973 2384 obscaenas
1012 2333 1249 2402 depinxit
1283 2333 1453 2401 prima
1487 2333 1710 2386 tabellas

355 2402 428 2453 Et
462 2403 641 2470 posuit
677 2406 823 2454 casta
856 2403 1032 2471 turpia
1067 2403 1179 2455 visa
1216 2403 1371 2455 domo
1381 2444 1396 2470 ,

285 2470 385 2523 Illa
419 2472 710 2540 puellarum
745 2472 1004 2541 ingenuos
1042 2474 1275 2541 corrupit
1311 2473 1506 2526 ocellos

202 2554 258 2593 30
353 2541 733 2610 Nequitiaeque
771 2560 894 2594 suae
930 2543 1101 2594 noluit
1137 2561 1248 2595 esse
1283 2543 1454 2594 rudes,

285 2614 335 2666 A
370 2614 571 2681 gemat,
610 2612 667 2663 in
701 2612 857 2664 terris
890 2612 992 2664 ista
1024 2613 1112 2680 qui
1146 2613 1368 2681 protulit
1403 2614 1518 2666 arte

354 2681 533 2750 Iurgia
569 2682 665 2733 sub
701 2682 860 2734 tacita
896 2682 1108 2734 condita
1144 2683 1359 2735 laetitia.

283 2752 410 2807 Non
445 2752 561 2803 istis
600 2752 724 2803 olim
763 2752 1036 2803 variabant
1070 2755 1210 2805 tecta
1246 2753 1452 2821 figuris:

354 2821 487 2874 Tum
522 2823 694 2891 paries
731 2822 877 2873 nullo
917 2822 1132 2874 crimine
1168 2823 1337 2890 pictus
1376 2824 1503 2875 erat.

753 2892 783 2924 ²?-
1156 2895 1188 2927 ³5·-

952 2933 983 2967 ἧς
