1936 3112
62 148 215 207 m}
706 148 885 193 LIBER
920 147 1023 193 1111.
1597 141 1664 194 83

132 281 199 342 In
232 300 318 337 me
352 287 654 338 mansuetas
689 302 801 338 non
835 282 997 336 habet
1031 283 1124 335 illa
1159 300 1363 335 manus,
1613 293 1665 332 10

61 353 177 411 Nec
198 355 379 407 tamen
403 357 484 408 est
501 356 803 424 quisquam,
829 371 1005 407 sacros
1027 353 1115 421 qui
1140 353 1315 405 laedat
1340 355 1602 405 amantes:

131 422 366 479 Scironis
402 425 577 478 media
613 427 690 478 sic
725 426 851 478 licet
885 426 961 477 ire
997 424 1095 476 via.

61 494 310 565 Quisquis
346 499 553 548 amator
591 497 715 564 erit,
754 494 1014 564 Scythicis
1051 494 1177 546 licet
1213 495 1448 547 ambulet
1485 494 1616 546 oris:

129 565 303 620 Nemo
341 566 497 635 adeO,
535 570 596 619 ut
632 569 850 634 noceat,
886 565 1140 618 barbarus
1179 583 1293 618 esse
1330 566 1485 617 volet.

17 682 20 685 .
59 636 210 691 Luna
243 637 511 690 ministrat
546 638 671 706 iter,
712 637 1077 690 demonstrant
1113 638 1255 688 astra
1292 636 1549 703 salebras,
1609 645 1661 685 15

129 706 252 777 Ipse
287 708 457 760 Amor
493 726 741 761 accensas
778 706 1006 776 percutit
1043 709 1165 758 ante
1202 707 1371 774 faceS‚

61 777 227 832 Saeva
263 796 454 831 canum
489 779 662 832 rabies
699 795 906 831 morsus
944 777 1134 829 avertit
1170 777 1404 830 hiantes:

129 847 269 902 Huic
303 850 488 919 generi
525 849 710 918 quovis
746 851 983 916 tempore
1019 850 1135 900 tuta
1171 848 1322 900 viast.

60 918 330 990 Sanguine
364 923 475 972 tam
513 938 644 988 puro
683 919 799 989 quis
837 919 979 971 enim
1015 921 1295 988 spargatur
1332 919 1557 970 amantis

129 989 194 1042 In
231 990 428 1043 robus?
469 1008 614 1057 ecce,
655 991 763 1043 suis
799 989 860 1041 fit
896 1007 1071 1042 comes
1109 989 1226 1058 ipsa
1263 989 1460 1042 Venus,
1605 1000 1660 1039 20

58 1059 173 1123 Quo
247 1061 293 1113 si
331 1063 475 1114 certa
509 1079 655 1114 meos
693 1062 1035 1129 sequerentur
1071 1060 1256 1112 funera
1294 1077 1443 1112 casus
1453 1101 1468 1128 ‚

128 1130 272 1184 Talis
307 1150 449 1184 mors
486 1132 656 1201 pretio
692 1131 771 1184 vel
812 1131 883 1183 sit
918 1130 1139 1182 emenda
1174 1130 1321 1183 mihi.

59 1201 282 1255 Adferet
316 1201 447 1255 haec
482 1205 755 1272 unguenta
788 1201 920 1253 mihi
958 1202 1214 1269 sertisque
1253 1201 1589 1270 sepulchrum

128 1271 352 1325 Ornabit
390 1275 566 1326 custos
603 1273 669 1325 ad
704 1290 822 1324 mea
857 1272 1014 1324 busta
1050 1272 1253 1324 sedenS.

55 1341 128 1395 Di
163 1343 390 1411 faciant,
427 1361 546 1396 mea
580 1362 648 1396 ne
683 1346 824 1395 terra
859 1343 999 1395 locet
1035 1361 1155 1395 ossa
1191 1343 1482 1411 frequenti,
1605 1353 1658 1392 25

127 1412 243 1475 Qua
279 1414 410 1467 facit
446 1413 664 1467 adsiduo
700 1414 914 1466 tramite
950 1414 1136 1482 volgus
1175 1414 1292 1465 iter.

55 1482 188 1537 Post
222 1487 448 1537 mortem
484 1485 676 1537 tumuli
713 1485 790 1538 sic
826 1484 1150 1536 infamantur
1187 1486 1481 1536 amantum:

129 1554 215 1608 Me
252 1557 403 1624 tegat
439 1555 659 1609 arborea
695 1555 847 1608 devia
881 1557 1022 1607 terra
1060 1573 1233 1622 coma,

51 1625 165 1678 Aut
199 1624 386 1678 humer
420 1625 635 1696 ignotae
673 1626 896 1678 cumulis
932 1626 1156 1678 vallatus
1195 1625 1447 1678 harenae:

96 1694 250 1750 >Non
286 1696 432 1749 iuvat
465 1697 524 1750 in
558 1696 734 1750 media
769 1714 966 1749 nomen
1000 1696 1193 1749 habere
1229 1697 1329 1749 via.
1603 1707 1659 1746 30

642 1877 783 1936 XVI
820 1873 1065 1960 [XVII]

50 1977 234 2047 Nunc,
273 1996 305 2031 o
342 1978 553 2032 Bacche
571 2021 585 2047 ‚
625 1980 730 2032 tuis
767 1979 993 2032 humiles
1032 1979 1360 2032 advolvimur
1398 1979 1527 2032 aris:

120 2048 205 2102 Da
240 2049 373 2102 mihi
408 2052 598 2120 pacato
636 2051 756 2103 vela
791 2051 1044 2118 secunda,
1083 2054 1251 2119 pater.

49 2119 132 2173 'ru
168 2122 321 2189 potes
358 2121 577 2173 insanae
614 2120 838 2174 Veneris
876 2139 1192 2190 conpescere
1228 2122 1395 2173 fastus
1405 2162 1420 2190 ‚

121 2189 483 2260 Curarumque
518 2194 611 2244 tuo
649 2191 711 2244 fit
746 2192 1009 2245 medicina
1046 2209 1209 2244 mero,

48 2259 151 2315 Per
185 2263 239 2314 te
275 2261 592 2331 iunguntur,
631 2281 726 2330 per
759 2266 813 2315 te
851 2263 1130 2315 solvuntur
1167 2265 1430 2315 amantes:
1626 2271 1656 2316 5

119 2330 200 2384 Tu
235 2331 423 2384 vitium
460 2351 524 2385 ex
561 2333 738 2386 animo
777 2333 941 2401 dilue,
980 2333 1214 2401 Bacche,
1254 2352 1388 2386 meo,

48 2401 125 2455 Te
162 2419 370 2471 quoque
408 2403 549 2455 enim
585 2421 696 2455 non
734 2422 847 2456 esse
883 2404 1068 2456 rudem
1098 2406 1321 2456 testatur
1345 2405 1402 2456 in
1428 2405 1583 2458 astris

119 2471 386 2542 Lyncibus
424 2473 489 2525 ad
527 2474 729 2526 caelum
766 2477 917 2527 vecta
953 2474 1189 2526 Ariadna
1224 2475 1346 2527 tuis,

49 2541 169 2595 Hoc
205 2543 363 2612 mihi,
401 2544 542 2612 quod
579 2547 780 2597 veteres
819 2545 1050 2597 custodit
1086 2546 1143 2596 in
1181 2545 1387 2598 ossibus
1425 2546 1579 2616 ignes
1590 2588 1605 2615 ,

121 2612 328 2669 Funera
363 2615 626 2667 sanabunt
662 2618 753 2667 aut
788 2618 880 2667 tua
919 2617 1039 2667 vina
1074 2616 1288 2668 malum.
1602 2629 1654 2668 10

48 2682 269 2752 Semper
306 2685 447 2736 enim
483 2703 676 2738 vacuos
713 2703 821 2737 nox
859 2687 1035 2737 sobria
1070 2689 1284 2754 torquet
1320 2690 1555 2739 amantes
1567 2730 1580 2755 ‚

119 2753 354 2823 Spesque
379 2755 643 2824 timorque
672 2757 906 2808 animum
932 2760 1110 2808 versat
1134 2761 1356 2825 utroque
1382 2759 1555 2810 modo,

51 2823 203 2886 Quod
239 2825 308 2892 si,
346 2823 577 2894 Bacche,
617 2827 723 2878 tuis
761 2845 855 2895 per
890 2827 1092 2879 fervida
1128 2831 1368 2896 tempora
1405 2829 1558 2881 donis

116 2894 422 2969 Accersitus
460 2896 562 2952 erit
598 2915 814 2952 somnus
851 2897 909 2953 in
946 2915 1066 2951 ossa
1100 2916 1244 2968 mea,

1340 2984 1398 3030 6.
