1936 3112
85 114 252 171 Vnst]
746 113 925 158 LIBER
959 113 1016 158 II.
1614 107 1677 161 31

86 250 162 302 At
195 251 475 319 postquam
512 267 628 302 sera
665 249 924 318 captivast
958 248 1163 301 reddita
1197 266 1394 317 poena,

154 319 369 373 Fortem
404 319 545 372 idem
581 319 890 373 Haemoniis
927 318 1161 372 Hectora
1195 319 1358 371 traxit
1395 318 1559 388 equiS.

86 389 314 444 Inferior
348 390 516 443 multo
554 408 673 443 cum
710 390 808 443 sim
846 390 931 443 vel
965 392 1131 442 matre
1159 390 1252 442 *vel
1289 389 1474 458 armis,

155 459 377 530 Mirum,
415 460 462 513 si
498 460 562 513 de
598 479 683 514 me
719 460 830 513 iure
866 460 1160 529 triumphat
1196 461 1399 512 Amor?
1628 468 1685 509 40

787 638 975 700 VIIII.

85 740 194 796 Iste
230 742 373 811 quod
408 744 503 810 est,
542 759 641 812 ego
680 760 835 811 saepe
871 742 964 810 fui,
1004 742 1094 794 sed
1131 743 1241 794 fors
1280 744 1333 794 et
1368 742 1425 794 in
1461 740 1592 793 hora

154 811 274 866 Hoc
309 812 426 882 ipso
465 815 632 866 eiecto
672 813 841 875 carior
877 813 1008 865 alter
1045 813 1157 865 erit.

84 882 351 952 Penelope
386 885 597 952 poterat
632 883 714 935 bis
752 884 916 936 denos
955 884 1099 936 salva
1131 902 1226 952 per
1263 901 1431 935 annos

154 953 371 1022 Vivere,
408 957 520 1006 tam
556 954 738 1006 multis
774 954 972 1006 femina
1009 954 1172 1024 digna
1206 954 1405 1023 prociS,

87 1023 408 1094 Coniugium
442 1024 582 1077 falsa
615 1027 825 1094 poterat
860 1025 1067 1077 differre
1104 1024 1367 1092 Minerva,
1655 1031 1682 1073 5
1765 1083 1769 1089 ι

154 1094 430 1149 Nocturno
468 1095 679 1147 solvens
716 1097 862 1147 texta
898 1095 1086 1147 diurna
1123 1095 1273 1163 dolo,

84 1163 277 1219 Visura
312 1168 367 1219 et
402 1165 640 1235 quamvis
676 1184 966 1234 numquam
1003 1168 1238 1235 speraret
1274 1165 1493 1233 Vlixen,

154 1235 314 1290 Illum
351 1235 677 1306 expectando
713 1236 856 1288 facta
891 1237 1148 1288 remansit
1186 1255 1333 1289 anus,

84 1305 198 1360 Nec
233 1324 345 1360 non
381 1307 677 1360 exanimem
713 1307 1038 1376 amplectens
1075 1306 1272 1359 Briseis
1309 1305 1558 1359 Achillen

155 1375 394 1432 Candida
426 1395 620 1430 vesana
655 1377 898 1430 verberat
933 1395 1025 1430 ora
1060 1396 1243 1445 manu,
1630 1387 1681 1426 10

84 1447 158 1501 Et
193 1448 464 1501 dominum
501 1448 630 1500 lavit
664 1466 904 1500 maerens
942 1449 1149 1517 captiva
1185 1450 1485 1515 cruentum,

140 1518 474 1588 'Adpositum
508 1518 658 1571 flavis
695 1519 753 1571 in
790 1518 1060 1571 Simoenta
1097 1519 1258 1587 vadiS,

84 1588 442 1659 Foedavitque
481 1607 682 1658 comaS,
719 1591 754 1657 †
774 1592 826 1642 et
860 1590 997 1641 tanti
1034 1607 1224 1658 corpus
1260 1589 1460 1642 Achilli

64 1698 66 1700 ψ
153 1658 487 1730 Maximaque
522 1660 581 1712 in
616 1678 777 1729 parva
813 1660 1026 1713 sustulit
1062 1678 1182 1712 ossa
1217 1678 1402 1727 mann,

85 1728 220 1784 Cum
254 1730 353 1784 tibi
387 1749 487 1784 nec
522 1729 710 1783 Peleus
748 1730 930 1783 aderat
964 1749 1063 1783 nec
1100 1731 1307 1783 caerula
1343 1733 1535 1799 mater,
1629 1741 1679 1782 15

154 1799 338 1870 Scyria
371 1818 470 1855 1100
507 1801 664 1853 viduo
702 1800 979 1854 Deidamia
1014 1804 1149 1854 toro,

84 1871 234 1925 Tunc
269 1871 434 1943 igitur
468 1872 605 1924 veris
643 1872 909 1941 gaudebat
945 1871 1166 1924 Graecia
1201 1872 1369 1941 natiS,

152 1941 302 1995 Tunc
339 1943 498 1995 etiam
533 1942 663 1995 felix
699 1943 838 1995 inter
875 1945 928 1995 et
964 1961 1109 1995 arma
1144 1943 1329 2011 pudor.

82 2013 158 2065 At
191 2015 251 2066 tu
286 2031 398 2066 non
432 2031 539 2067 una
573 2013 796 2082 potuisti
832 2016 988 2066 nocte
1026 2031 1235 2080 vacare,

152 2083 327 2153 Inpia,
365 2101 477 2136 non
510 2102 675 2136 unum
713 2084 828 2136 sola
863 2102 1075 2136 manere
1113 2084 1266 2136 diem.
1620 2096 1677 2136 20

83 2153 223 2216 Quin
259 2155 418 2207 etiam
454 2154 622 2206 multo
661 2154 883 2206 duxistis
920 2155 1111 2223 pocula
1146 2155 1279 2207 risu:

151 2223 399 2277 Forsitan
435 2227 489 2277 et
525 2224 588 2277 de
625 2242 710 2277 me
747 2225 904 2277 verba
940 2225 1085 2277 fuere
1122 2225 1276 2277 mala.

80 2293 185 2348 Hic
221 2295 380 2348 etiam
416 2295 638 2364 petitur,
678 2295 766 2363 qui
802 2298 854 2347 te
888 2295 1034 2364 prius
1073 2298 1195 2348 ante
1231 2295 1468 2364 reliquit:

150 2364 221 2418 Di
255 2365 480 2433 faciant,
518 2365 621 2417 isto
661 2369 813 2434 capta
848 2366 1024 2418 fruare
1061 2365 1198 2419 viro!

79 2434 226 2489 Haec
260 2435 392 2488 mihi
426 2438 550 2489 vota
585 2438 731 2487 tuam
767 2439 984 2504 propter
1020 2439 1263 2505 suscepta
1299 2437 1545 2506 salutem,
1622 2448 1676 2489 25

151 2504 284 2560 Cum
323 2506 493 2575 capite
529 2506 631 2558 hoc
669 2505 883 2575 Stygiae
918 2507 1023 2558 iam
1061 2509 1368 2575 poterentur
1405 2526 1596 2577 aquae,

80 2575 152 2628 Et
186 2577 381 2629 lectum
416 2577 603 2629 flentes
642 2577 837 2628 circum
876 2580 1131 2628 staremus
1170 2577 1364 2630 amici?

149 2645 253 2699 Hic
287 2647 379 2699 ubi
413 2650 552 2715 tum,
589 2665 686 2715 pro
725 2646 804 2713 di,
842 2647 1067 2715 perfida,
1108 2648 1290 2716 quisve
1327 2648 1462 2701 fuit?

81 2716 219 2779 Quid
255 2717 301 2769 si
337 2716 657 2788 longinquos
695 2718 949 2770 retinerer
986 2718 1138 2770 miles
1177 2718 1242 2770 ad
1280 2716 1464 2788 Indos,

149 2788 258 2840 Aut
292 2806 410 2840 mea
447 2787 491 2840 si
529 2791 693 2840 staret
727 2789 876 2840 navis
914 2789 970 2840 in
1009 2789 1258 2842 Oceano?
1623 2801 1678 2840 30

81 2857 184 2911 Sed
219 2857 370 2911 vobis
405 2858 615 2911 facilest
652 2859 810 2911 verba
848 2861 901 2911 et
939 2877 1236 2928 conponere
1275 2860 1512 2913 fraudes:
