1936 3112
200 136 271 190 30
835 143 1153 188 PROPERTH
1646 144 1788 203 [vm.

308 276 500 329 Nullae
539 279 662 328 sunt
697 276 1001 329 inimicitiae
1038 279 1142 331 nisi
1178 278 1369 332 amoris
1407 277 1647 332 acerbae:

376 346 557 416 Ipsum
593 365 677 398 me
714 347 917 417 iugula,
955 347 1124 400 lenior
1158 348 1326 400 hostis
1363 367 1468 401 310.

258 426 285 467 5
310 415 535 468 Possum
572 434 671 486 ego
709 417 766 468 in
803 417 1015 469 alterius
1040 419 1266 486 positam
1293 422 1528 487 spectare
1551 418 1786 472 lacerto?

374 486 490 539 Nec
526 505 642 539 mea
678 486 905 555 dicetur,
944 505 1075 555 quae
1110 488 1267 541 modo
1305 489 1445 541 dicta
1479 487 1680 540 meast?

259 567 284 605 9
312 555 498 625 Magni
535 574 688 624 saepe
725 556 905 621 (111333,
943 558 1122 627 magni
1162 558 1392 611 cecidere
1428 559 1664 627 tyranni,

227 637 280 675 10
374 625 447 678 Et
484 625 694 678 Thebae
733 629 991 679 steterunt
1026 628 1233 696 altaque
1269 628 1427 681 Troia
1460 629 1577 681 fuit.

261 706 284 745 7
313 695 504 748 Omnia
538 698 839 749 vertuntur:
879 700 1016 749 certe
1053 701 1326 750 vertuntur
1361 716 1588 751 amores:

374 765 618 819 Vinceris
655 769 745 818 aut
779 767 946 819 vincis
960 808 974 835 ‚
1011 767 1141 820 haec
1176 768 1234 819 in
1269 786 1446 821 amore
1481 770 1663 821 rotast.

225 846 276 887 11
303 835 523 888 Munera
559 839 754 904 quanta
790 837 910 888 dedi
946 838 1030 889 vel
1067 838 1239 906 qualia
1275 839 1506 891 carmina
1540 839 1666 892 feci!

375 906 475 958 Illa
508 908 688 958 tamen
722 925 1008 975 numquam
1043 908 1212 960 ferrea
1247 908 1379 960 dixit
1417 910 1566 961 AmO.

304 974 450 1045 Ergo
486 978 596 1028 tam
632 977 827 1028 multos
864 978 1084 1029 nimium
1120 979 1426 1030 temerarius
1464 996 1657 1046 3111103,

375 1046 629 1114 Inproba,
668 1064 791 1115 qum
826 1048 1038 1099 tulerim
1062 1050 1218 1116 teque
1242 1051 1487 1116 tuamque
1513 1048 1750 1117 domum,

782 1117 810 1147 ἦε
1189 1119 1217 1148 21:

226 1195 278 1236 15
303 1185 660 1254 Ecquandone
697 1187 795 1238 tibi
831 1187 964 1240 liber
985 1157 1116 1240 *sum
1154 1189 1331 1240 visus?
1372 1207 1441 1240 an
1475 1206 1662 1260 usque·

374 1255 439 1308 In
474 1259 713 1308 nostrum
749 1257 907 1310 iacies
944 1259 1102 1310 verba
1139 1259 1361 1327 superba
1397 1259 1592 1328 caput?

896 1434 1094 1498 Vmb.

306 1533 394 1588 Sic
429 1535 446 1587 i
487 1536 592 1588 itur
627 1538 797 1605 prima
832 1538 1054 1591 moriere
1091 1541 1285 1607 aetate,
1323 1539 1602 1608 Properti?

376 1554 486 1659 Seff
513 1625 740 1675 morere,
778 1608 995 1660 interitu
1030 1610 1256 1679 gaudeat
1291 1610 1385 1662 1113
1419 1614 1525 1662 tuo,

304 1675 554 1745 Exagitet
587 1681 796 1742 nostros
834 1678 1043 1747 Μ31133,
1085 1682 1312 1733 sectetur
1348 1683 1402 1733 et
1435 1680 1645 1732 umbras
1654 1720 1670 1748 ‚

223 1755 278 1796 20
372 1745 702 1816 Insultetque
737 1749 905 1817 rogiS,
943 1750 1109 1802 calcet
1145 1753 1198 1802 et
1234 1768 1354 1802 ossa
1387 1769 1518 1803 mea.

306 1815 478 1876 Quid?
517 1835 626 1869 non
650 1818 952 1887 Antigonae
988 1821 1190 1872 tumulo
1211 1819 1461 1873 Boeotius
1486 1820 1730 1873 Haemon

378 1884 591 1939 Corruit
624 1888 737 1956 ipse
775 1906 868 1940 suo
906 1890 1110 1942 saucius
1148 1909 1270 1942 ense
1306 1891 1444 1943 latus

303 1953 378 2008 Et
413 1974 509 2008 sua
545 1975 663 2009 cum
700 1959 919 2011 miserae
955 1960 1262 2027 permiscuit
1297 1979 1415 2013 ossa
1449 1961 1676 2030 puellae,

377 2025 491 2087 Qua
527 2027 640 2079 sine
676 2027 980 2080 Thebanam
1016 2031 1184 2082 nollet
1218 2030 1351 2083 inire
1388 2030 1637 2082 domum?

224 2105 280 2147 25
307 2093 409 2147 Sed
445 2114 556 2148 non
593 2097 834 2167 effugies:
873 2118 1079 2151 mecum
1114 2101 1353 2152 moriaris
1391 2103 1624 2169 oportet:

380 2166 498 2218 Hoc
535 2167 719 2219 eodem
754 2169 894 2221 ferro
934 2171 1098 2222 stillet
1132 2173 1349 2239 uterque
1387 2188 1554 2223 cruor.

310 2235 558 2296 Quamvis
596 2238 698 2289 ista
732 2238 864 2290 mihi
901 2257 1042 2291 mors
1080 2242 1160 2292 est
1194 2240 1474 2293 inhonesta
1508 2241 1708 2310 futura,

377 2306 522 2358 Mors
558 2307 840 2360 inhonesta
877 2309 1109 2378 quidem,
1148 2313 1206 2361 tu
1241 2313 1464 2363 moriere
1499 2313 1693 2364 tamen.

306 2374 404 2427 Ille
442 2377 601 2428 etiam
639 2378 854 2446 abrepta
891 2379 1123 2432 desertus
1162 2381 1385 2449 coniuge
1420 2380 1655 2433 Achilles

224 2454 281 2495 30
369 2444 583 2498 Cessare
620 2447 677 2498 in
712 2447 879 2500 thecis
914 2450 1132 2517 pertulit
1167 2469 1311 2501 arma
1347 2469 1452 2502 sua.

304 2514 524 2567 Viderat
557 2517 646 2568 ille
682 2517 811 2586 fuga
847 2521 1038 2571 stratos
1075 2520 1131 2571 in
1167 2520 1344 2571 littore
1381 2519 1638 2590 Achivos,

378 2585 598 2638 Fervere
636 2590 689 2638 et
725 2587 987 2640 Hectorea
1023 2588 1218 2641 Dorica
1255 2592 1426 2641 castra
1459 2590 1598 2655 face,

307 2654 527 2707 Viderat
562 2657 843 2710 informem
879 2659 1043 2710 multa
1079 2658 1364 2711 Patroclon
1400 2678 1556 2711 arena

379 2724 684 2778 Porrectum
723 2731 774 2779 et
808 2747 1013 2796 sparsas
1052 2729 1206 2781 caede
1242 2730 1409 2781 iacere
1447 2748 1646 2799 3011133,

226 2806 280 2846 35
308 2796 498 2848 Omnia
533 2796 817 2849 formosam
854 2802 1069 2866 propter
1104 2798 1343 2851 Briseida
1379 2818 1587 2867 passus:

377 2865 574 2918 Tantus
611 2867 668 2920 in
706 2871 884 2937 erepto
923 2869 1089 2922 saevit
1124 2887 1300 2921 amore
1338 2869 1500 2922 dolor.
