1936 3112
135 109 211 170 [1.]
362 178 368 183 ,
794 110 972 154 LIBER
1007 109 1065 155 11.
1661 101 1728 152 23

133 245 273 300 Nam
297 245 542 315 quotiens
563 245 826 298 Mutinam
852 248 944 298 aut
969 245 1146 298 civilia
1170 245 1325 297 busta
1347 242 1625 311 Philippos

204 316 317 369 Aut
351 333 594 369 canerem
631 315 837 369 Siculae
876 316 1094 369 classica
1130 316 1268 368 bella
1302 315 1461 383 fugae

132 386 465 455 Eversosque
494 386 644 438 focos
682 387 927 455 antiquae
964 387 1139 456 gentis
1177 386 1432 438 Etruscae

201 456 311 510 Aut
344 456 672 509 Ptolomaeei
709 457 892 509 littora
928 459 1081 525 capta
1118 456 1301 524 Phari,
1677 465 1732 502 30

132 526 245 580 Aut
280 545 522 580 canerem
556 529 819 596 †cyptum
857 530 911 580 et
944 527 1158 595 Nilum,
1197 545 1316 579 cum
1350 527 1550 578 tractus
1587 524 1644 576 in

1139 598 1325 650 urbem

204 667 418 737 Septem
455 668 677 737 captivis
716 668 903 721 debilis
941 668 1053 720 ibat
1089 669 1264 737 aquiS,

132 739 247 791 Aut
279 756 465 808 regum
502 739 701 791 auratis
740 739 1063 791 circumdata
1098 739 1234 791 colla
1272 738 1496 805 catenis,

201 809 462 878 Actiaque
496 810 555 862 in
592 808 752 862 Sacra
788 827 994 863 currere
1031 812 1204 862 rostra
1238 808 1366 877 Via,

133 878 209 932 'I'e
242 897 362 932 mea
396 879 550 932 Musa
584 879 692 932 illis
731 898 938 949 semper
974 882 1279 933 contexeret
1315 879 1500 947 armiS,
1677 887 1733 928 35

202 948 276 1003 Et
311 952 522 1019 sumpta
559 952 612 1003 et
645 951 822 1020 posita
855 969 984 1020 pace
1021 950 1174 1003 fidele
1213 953 1385 1019 caput.

133 1019 368 1073 Theseus
403 1021 628 1074 infernis
637 1062 653 1090 ,
692 1022 894 1091 superis
931 1023 1157 1074 testatur
1194 1020 1455 1088 Achilles,

202 1089 308 1144 Hic
343 1090 648 1160 Ixioniden,
684 1092 777 1144 ille
814 1091 1202 1144 Menoetiaden.

134 1160 240 1214 Sed
274 1179 447 1231 neque
470 1161 792 1232 Phlegraeos
818 1161 960 1215 Iovis
986 1162 1345 1231 Enceladique
1382 1161 1640 1214 tumultus

203 1231 423 1286 Intonet
458 1235 685 1303 angusto
721 1235 934 1302 pectore
973 1232 1352 1301 CallimachUS,
1678 1241 1735 1280 40

132 1301 247 1355 Nec
282 1320 401 1356 mea
437 1304 760 1356 conveniunt
797 1304 926 1357 duro
964 1303 1275 1373 praecordia
1309 1322 1465 1357 versu

206 1371 447 1427 Caesaris
485 1374 543 1426 in
577 1373 841 1444 Phrygios
879 1375 1103 1428 condere
1139 1392 1336 1427 nomen
1373 1392 1514 1428 avos·

132 1442 332 1507 Navita
368 1443 433 1497 de
468 1445 667 1513 ventiS,
706 1446 770 1498 de
804 1446 968 1498 tauris
1005 1449 1187 1498 narrat
1223 1449 1422 1514 arator,

203 1513 497 1568 Enumerat
530 1515 684 1568 miles
721 1517 962 1584 volnera,
1000 1519 1183 1586 pastor
1219 1534 1367 1583 oveS,

134 1583 250 1638 Nos
289 1587 476 1638 contra
512 1588 739 1666 angusto
776 1588 1036 1639 versantis
1073 1587 1277 1656 proelia
1313 1588 1477 1639 lecto:
1679 1595 1735 1637 45

206 1653 320 1718 Qua
354 1658 480 1726 pote
518 1674 763 1726 quisque,
799 1658 858 1710 in
895 1676 956 1710 ea
992 1660 1232 1710 conterat
1269 1660 1379 1710 arte
1417 1657 1573 1710 diem.

135 1725 273 1779 Laus
308 1726 368 1780 in
403 1744 581 1780 amore
617 1728 778 1796 mori,
815 1728 928 1781 laus
967 1729 1157 1796 altera,
1196 1728 1240 1780 si
1278 1728 1431 1780 datur
1466 1745 1574 1781 uno

203 1795 370 1850 Posse
405 1797 534 1851 frui:
571 1798 719 1850 fruar
755 1816 786 1851 o
826 1800 969 1852 solus
1007 1817 1182 1851 amore
1220 1801 1364 1852 meo!

137 1865 194 1920 Si
228 1868 473 1937 memim',
513 1869 649 1922 solet
683 1868 774 1921 illa
810 1869 950 1922 leves
989 1871 1198 1939 culpare
1236 1870 1465 1938 puellaS,

205 1937 280 1991 Et
314 1941 485 1991 totam
522 1958 586 1992 ex
621 1939 828 1992 Helena
863 1958 973 1993 non
1008 1941 1201 2009 probat
1234 1939 1416 1994 Iliada.
1682 1950 1738 1992 50

137 2006 242 2061 Seu
264 2009 397 2062 mihi
422 2012 546 2062 sunt
569 2010 838 2080 tangenda
860 2029 1117 2063 novercae
1141 2011 1332 2080 pocula
1356 2011 1642 2080 Phaedrae,

205 2078 404 2132 Pocula
437 2080 686 2150 privigno
723 2098 834 2133 non
869 2082 1111 2134 nocitura
1148 2100 1268 2150 suo,

137 2148 240 2203 Seu
274 2149 407 2203 mihi
445 2149 661 2204 Circaeo
700 2152 1078 2221 pereundumst
1113 2152 1379 2222 gramine,
1419 2153 1528 2205 sive

207 2219 422 2274 Colchis
458 2219 702 2274 Iolciacis
739 2225 859 2274 urat
894 2222 1063 2275 ahena
1098 2223 1232 2275 focis
1242 2264 1257 2292 ,

136 2288 258 2344 Vna
292 2309 438 2344 meos
476 2292 726 2361 quoniam
761 2292 1063 2362 praedatast
1097 2293 1295 2346 femina
1331 2311 1515 2346 sensus
1523 2334 1541 2364 ,
1682 2304 1736 2344 55

205 2360 288 2414 Ex
323 2361 424 2415 hac
460 2362 718 2415 ducentur
753 2363 939 2416 funera
974 2366 1156 2416 nostra
1199 2364 1370 2417 dom0.

138 2431 336 2485 Omnes
371 2431 631 2486 humanos
670 2437 823 2486 sanat
858 2434 1120 2487 medicina
1156 2434 1389 2488 dolores:

206 2501 359 2555 Solus
399 2521 548 2557 amor
583 2504 757 2556 morbi
791 2522 903 2556 non
941 2507 1084 2557 amat
1126 2506 1398 2559 artificem.

135 2571 310 2626 Tarda
343 2572 669 2626 Philoctetae
706 2575 911 2627 sanavit
948 2593 1098 2627 crura
1135 2575 1424 2644 Machaon,

205 2642 485 2696 Phoenicis
524 2642 726 2698 Chiron
762 2645 962 2697 lumina
998 2645 1340 2714 Phillyrides,
1679 2657 1739 2698 60

135 2711 209 2765 Et
244 2712 372 2766 deus
409 2715 700 2767 extinctum
738 2716 938 2768 Cressis
974 2715 1295 2785 Epidaurius
1334 2717 1511 2769 herbis

205 2781 459 2836 Restituit
493 2785 679 2854 patriis
716 2786 1076 2856 Androgeona
1111 2787 1269 2854 fociS,

138 2852 320 2922 Mysus
357 2857 410 2907 et
444 2854 728 2909 Haemonii
764 2857 967 2910 iuvenis
1007 2876 1109 2926 qua
1148 2858 1361 2927 cuspide
1399 2859 1588 2911 volnus
