1936 3112
220 135 286 188 84
846 139 1164 183 PROPERTH
1669 135 1808 196 [xvi.

245 286 295 325 15
321 275 441 344 Ipse
480 295 650 328 seram
685 276 818 328 vites
855 293 1184 344 pangamque
1223 293 1284 325 ex
1322 273 1504 326 ordine
1542 272 1726 341 colleS,

394 345 536 408 Quos
575 349 793 414 carpant
828 346 1003 397 nullae
1039 363 1123 396 me
1160 344 1414 413 vigilanlze
1450 344 1608 395 ferae.

322 415 461 468 Dum
499 417 654 468 modo
692 433 954 484 purpureo
991 418 1236 482 spumem:
1269 413 1402 465 mihi
1436 413 1577 465 dolia
1607 414 1806 480 musto,

390 486 463 538 Et
497 504 634 538 nova
669 488 966 553 pressantes
1002 485 1244 552 inquinet
1278 503 1379 535 uva
1413 483 1596 552 pedeS,

326 556 475 618 Quod
514 559 750 624 superest
782 556 919 607 visae
957 573 1050 622 per
1086 558 1138 606 te
1176 557 1228 606 et
1261 557 1352 605 bua
1389 571 1584 606 cornua
1619 552 1805 620 vivam,

242 638 296 676 20
391 626 718 694 Virtutisque
755 628 900 693 tuae,
940 624 1170 692 Bacche,
1207 627 1366 693 poeta
1403 624 1555 675 ferar.

325 696 510 748 Dicam
548 714 645 765 ego
682 700 947 747 maternos
984 695 1218 747 Aetnaeo
1257 694 1477 746 fulmine
1514 694 1718 761 pariana,

395 766 577 818 Indica
613 766 834 833 Nysaeis
873 783 1016 816 arma
1056 765 1238 833 fugata
1277 763 1473 831 choriS,

325 836 698 904 Vesanumque
734 853 872 887 nova
907 835 1222 903 nequiquam
1259 834 1317 885 in
1354 834 1458 885 vite
1486 832 1809 901 Lycurgum,

396 906 660 958 Penbheos
697 907 754 958 in
790 906 1024 974 triplices
1061 905 1247 956 funera
1283 907 1433 973 grata
1469 921 1656 971 greges
1667 942 1681 968 ,

245 988 298 1026 25
326 976 597 1045 Curvaque
635 975 933 1044 Tyrrhenos
971 975 1278 1042 delphinum
1316 990 1538 1041 corpora
1571 975 1759 1024 nautas

396 1046 461 1098 In
497 1047 630 1098 vada
667 1046 946 1114 pampinea
983 1045 1252 1096 desiluisse
1288 1046 1423 1111 rate,

326 1117 398 1168 Et
432 1117 530 1168 tibi
566 1135 659 1185 per
695 1116 920 1168 mediam
957 1116 1089 1167 bene
1127 1114 1326 1166 olentia
1359 1113 1575 1165 flumina
1597 1111 1811 1179 Naxon,

398 1185 552 1238 Vnde
588 1191 738 1238 tuum
774 1188 962 1254 potant]
1001 1184 1174 1237 Naxia
1209 1184 1363 1236 ’curba
1397 1201 1613 1234 merum.

330 1257 565 1309 Candida
600 1256 787 1309 laxatis
826 1257 1041 1308 onerato
1080 1255 1216 1307 colla
1253 1253 1514 1322 corymbis

247 1339 302 1377 30
399 1326 594 1396 Cinget·
629 1326 929 1378 Bassaricas
966 1325 1132 1393 Lydia
1167 1324 1323 1376 mitra
1360 1341 1560 1390 comas,

329 1396 483 1449 Levis
523 1398 739 1449 odorato
779 1397 951 1449 cervix
987 1395 1224 1447 manabit
1260 1394 1423 1461 olivo,

399 1466 472 1519 Et
506 1468 662 1520 feries
698 1467 868 1519 nudos
904 1468 1048 1518 veste
1084 1465 1278 1517 fluente
1302 1464 1478 1532 pedes,

330 1537 516 1589 Mollia
551 1537 804 1590 Dircaeae
840 1536 1126 1605 pulsabunt
1160 1537 1413 1603 {sympana
1449 1533 1687 1602 Thebae,

402 1606 719 1676 Capripedes
758 1607 957 1659 calamo
995 1606 1165 1660 Panes
1201 1604 1379 1657 hiante
1418 1605 1634 1672 canent,

250 1689 303 1728 35
329 1677 540 1731 Verssice
575 1679 836 1747 turrigero
874 1677 1020 1728 iuxta
1056 1676 1152 1728 dea
1186 1692 1381 1744 magna
1417 1673 1626 1741 Cybebe

401 1747 609 1800 Tundess
646 1747 711 1800 ad
746 1747 933 1800 Idaeos
971 1745 1208 1814 cymbala
1243 1762 1401 1798 rauca
1437 1743 1639 1796 choros.

300 1818 473 1870 ·An†‚e
508 1819 648 1871 fores
679 1817 866 1886 templi
902 1819 1071 1869 cra'oer
1107 1815 1359 1867 antisssitis
1397 1831 1524 1866 auro

405 1887 651 1940 Libatum
687 1888 912 1940 fundens
950 1887 1007 1938 in
1041 1890 1132 1938 tua
1168 1903 1314 1937 sacra
1348 1903 1565 1937 merum.

332 1957 479 2011 Haeo
498 1977 596 2027 ego
614 1977 723 2011 non
741 1957 929 2009 humili
947 1961 1170 2008 referam
1189 1954 1527 2007 memoranda
1542 1953 1816 2022 cothurnO,

251 2042 306 2080 40
403 2029 583 2091 Qualis
620 2028 899 2082 Pindarico
938 2027 1152 2095 spiritus
1190 2043 1279 2077 ore
1315 2027 1480 2077 tonat.

334 2101 412 2152 Tu
448 2099 603 2151 modo
642 2098 855 2150 servitio
893 2114 1115 2150 vacuum
1151 2113 1235 2147 me
1273 2095 1399 2147 siste
1437 2094 1661 2163 superbo

402 2171 578 2238 Atque
615 2167 716 2221 hoc
755 2167 1040 2220 sollicitum
1076 2166 1227 2218 vince
1266 2182 1453 2233 sopore
1491 2166 1661 2232 caput.

765 2344 953 2406 XVII
1001 2339 1287 2426 [XVIIIJ.

335 2451 556 2504 Clausus
595 2448 660 2500 ab
697 2447 945 2499 umbroso
985 2463 1086 2514 qua
1121 2445 1256 2497 ludit
1290 2447 1484 2513 pontus
1521 2444 1761 2511 Averno,

402 2518 623 2571 Fumida
661 2518 905 2569 Baiarum
944 2519 1134 2584 stagna
1169 2515 1398 2583 tepenlzis
1436 2531 1627 2582 aquae,

337 2591 450 2651 Qua
485 2590 621 2640 iacet
658 2591 710 2639 et
746 2587 933 2638 Troiae
969 2586 1183 2637 tubicen
1220 2584 1456 2635 Misenus
1494 2601 1674 2651 arena,

405 2659 476 2711 Et
513 2661 667 2710 sonat
702 2656 962 2709 Herculeo
1002 2658 1199 2707 structa
1235 2653 1412 2705 labore
1447 2654 1558 2718 via,

287 2742 313 2780 ὅ
341 2730 465 2795 Hie,
504 2728 617 2794 ubi,
657 2726 893 2778 mortalis
930 2725 1110 2777 dextra
1147 2742 1265 2776 cum
1302 2726 1572 2791 quaereret
1606 2722 1784 2788 urbeS,

407 2797 660 2865 Cymbala
696 2795 945 2848 Thebano
985 2811 1331 2862 concrepuere
1367 2792 1489 2845 deo:

335 2870 410 2921 At
445 2885 586 2920 nunc
622 2867 820 2919 invisae
858 2882 1050 2934 magno
1090 2882 1207 2917 cum
1246 2863 1462 2916 crimine
1501 2861 1696 2931 Baiae,
