1936 3112
221 138 288 190 86
848 145 1169 191 PROPERTII
1627 149 1812 208 [xvm.

329 278 497 340 Quam
522 280 693 347 possit
710 282 911 332 vestros
938 282 1213 350 quisquam
1231 282 1610 351 reprehendere
1631 301 1812 336 cursus

247 358 300 397 10
394 349 466 400 Et
500 349 712 402 rabidae
750 351 988 404 stimulos
1025 353 1268 422 frangere
1303 354 1583 422 nequitiae.

327 418 497 470 Testis
508 460 522 487 ,
563 419 770 472 Cretaei
805 420 973 472 fastus
1012 439 1144 489 quae
1180 441 1335 490 passa
1369 423 1577 476 iuvenci

394 487 575 540 Induit
611 489 866 558 abiegnae
903 509 1098 543 cornua
1132 492 1266 544 falsa
1301 493 1475 546 bovis:

327 557 498 610 Testis
536 559 838 612 Thessalico
875 561 1104 630 flagrans
1143 561 1404 615 Salmonis
1441 563 1672 633 EnipeO,

397 628 540 690 Quae
576 630 744 681 voluit
779 630 977 698 liquido
1015 634 1129 683 tota
1166 632 1338 684 subire
1376 633 1489 686 deo,

250 708 301 748 15
329 697 543 750 Crimen
580 702 633 751 et
668 700 759 751 illa
794 701 897 752 fuit
931 702 1103 768 patria
1139 719 1390 754 succensa
1425 707 1638 756 senecta

396 769 618 821 Arboris
656 770 713 821 in
749 770 962 822 frondes
1002 771 1213 823 condita
1250 771 1466 840 Myrrha
1499 791 1681 827 novae.

323 837 464 891 Nam
501 839 624 907 quid
651 839 865 892 Medeae
900 841 1124 893 referam
1150 859 1252 910 quo
1287 845 1525 911 tempore
1557 843 1740 896 matris

394 908 535 960 Iram
569 911 814 961 natorum
852 910 1007 963 caede
1043 911 1208 979 piavit
1244 912 1426 964 amor?

326 977 527 1045 Quidve
557 978 994 1048 Clytaemestrae,
1023 984 1238 1049 propter
1262 1000 1416 1050 quam
1441 985 1555 1035 tota
1572 982 1808 1053 Mycenis

244 1058 299 1098 20
393 1048 612 1100 Infamis
651 1053 832 1118 stupro
871 1053 979 1102 stat
1013 1050 1240 1120 Pelopea
1276 1053 1498 1105 domus?

328 1118 534 1186 Tuque,
573 1137 604 1171 o
642 1119 825 1172 Minoa
860 1121 1162 1173 venundata
1199 1121 1373 1190 Scylla
1407 1123 1598 1192 figura,

395 1188 603 1240 Tondes
640 1208 904 1258 purpurea
939 1208 1106 1260 regna
1140 1195 1364 1260 paterna
1400 1210 1564 1245 coma.

327 1257 482 1311 Hane
518 1259 680 1328 igitur
717 1261 892 1312 dotem
929 1262 1079 1330 virgo
1118 1261 1468 1330 desponderat
1503 1262 1669 1317 hosti:

397 1328 552 1397 Nise,
589 1332 706 1381 tuas
742 1333 921 1398 portas
959 1331 1143 1384 fraude
1179 1333 1394 1384 reclusit
1428 1333 1609 1386 Amor.

244 1409 297 1449 25
324 1399 398 1450 At
432 1417 550 1466 vos,
587 1400 864 1468 innuptae,
900 1401 1106 1453 felicius
1143 1403 1277 1454 urite
1313 1402 1516 1456 taedas:

400 1468 603 1521 Pendet
639 1469 861 1523 Cretaea
895 1473 1066 1523 tracta
1100 1473 1277 1540 puella
1311 1477 1437 1525 rate.

324 1537 450 1591 Non
483 1542 663 1591 tamen
697 1540 943 1593 inmerito
981 1541 1156 1593 Minos
1194 1542 1341 1594 sedet
1376 1543 1571 1595 arbiter
1608 1541 1756 1596 Orci:

394 1608 581 1662 Victor
618 1613 731 1662 erat
766 1612 1027 1680 quamviS‚
1066 1623 1259 1681 aequus
1296 1613 1354 1664 in
1388 1612 1540 1665 hoste
1575 1612 1693 1666 fuit.

792 1789 1024 1850 Xvnu
1068 1791 1238 1869 [XXJ.

326 1889 509 1943 Credis
547 1909 664 1943 eum
701 1891 806 1943 iam
841 1910 998 1961 posse
1033 1895 1153 1945 tuae
1189 1894 1490 1947 meminisse
1525 1894 1748 1964 figurae,

396 1960 590 2013 Vidisti
627 1980 659 2013 a
693 1962 829 2014 lecto
868 1980 1022 2030 quem
1059 1963 1181 2016 dare
1217 1965 1333 2016 vela
1366 1965 1494 2016 tuo?

326 2029 526 2098 Durus,
565 2033 654 2099 qui
690 2033 835 2084 luero
872 2033 1045 2100 potuit
1078 2036 1280 2086 mutare
1316 2035 1571 2102 puellam!

396 2101 645 2167 Tantine,
684 2105 743 2153 ut
779 2103 1043 2170 lacrimeS‚
1081 2103 1264 2155 Africa
1299 2106 1414 2155 tota
1448 2105 1586 2156 fuit?

278 2181 303 2219 5
329 2171 403 2221 At
437 2174 497 2222 tu
509 2212 522 2238 ,
564 2172 743 2236 stulta,
783 2171 934 2239 deOS,
971 2175 1030 2223 tu
1065 2173 1222 2242 fingis
1259 2174 1439 2225 inania
1473 2193 1611 2227 vera.

394 2240 643 2292 Forsitan
679 2242 768 2293 ille
806 2242 908 2293 alio
946 2244 1128 2310 pectus
1167 2262 1342 2312 amore
1377 2246 1530 2296 terat.

326 2310 426 2362 Est
448 2311 547 2362 tibi
572 2312 741 2363 forma
766 2314 977 2380 potem,
1006 2315 1129 2363 sunt
1154 2316 1325 2365 castae
1350 2313 1577 2366 Palladis
1605 2316 1769 2383 artes,

397 2379 783 2449 Splendidaque
821 2400 851 2433 a
887 2382 1041 2433 docto
1078 2382 1220 2434 fama
1255 2383 1486 2452 refulget
1521 2401 1646 2451 avo,

324 2449 613 2502 Fortunata
649 2451 856 2519 domus,
893 2452 1050 2503 modo
1089 2453 1158 2503 sit
1192 2453 1290 2504 tibi
1326 2453 1459 2504 fidus
1497 2454 1709 2507 amicus,
1776 2499 1779 2502 .

247 2531 298 2569 10
392 2520 553 2572 Fidus
591 2539 704 2573 ero:
742 2522 799 2572 in
834 2524 1044 2573 nostros
1084 2540 1255 2590 curre,
1292 2523 1491 2591 puella,
1529 2526 1689 2576 toros.

952 2699 1082 2760 XX.

324 2797 447 2851 Nox
491 2798 622 2850 mihi
665 2800 835 2867 prima
878 2801 1044 2853 venit:
1089 2802 1289 2870 primae
1324 2801 1454 2923 1date
1499 2805 1735 2872 tempora

1220 2889 1323 2923 noo
1348 2890 1418 2926 1s:
1751 2882 1803 2923 13
