<?xml version="1.0" encoding="UTF-8"?>
<!DOCTYPE html PUBLIC "-//W3C//DTD XHTML 1.0 Transitional//EN"
    "http://www.w3.org/TR/xhtml1/DTD/xhtml1-transitional.dtd">
<html xmlns="http://www.w3.org/1999/xhtml" xml:lang="en" lang="en">
 <head>
  <title>
</title>
<meta http-equiv="Content-Type" content="text/html;charset=utf-8" />
  <meta name='ocr-system' content='tesseract 3.04.00' />
  <meta name='ocr-capabilities' content='ocr_page ocr_carea ocr_par ocr_line ocrx_word'/>
</head>
<body>
  <div class='ocr_page' id='page_1' title='image "./elegiaerecensuit00propuoft_0025.png"; bbox 0 0 1936 3112; ppageno 0'>
   <div class='ocr_carea' id='block_1_1' title="bbox 145 122 1737 190">
    <p class='ocr_par' dir='ltr' id='par_1_1' title="bbox 145 122 1737 190">
     <span class='ocr_line' id='line_1_1' title="bbox 145 122 1737 190; baseline -0.001 -15"><span class='ocrx_word' id='word_1_1' title='bbox 145 130 263 190; x_wconf 68' lang='lat' dir='ltr'>xx]</span> <span class='ocrx_word' id='word_1_2' title='bbox 347 174 352 179; x_wconf 86' lang='lat'>.</span> <span class='ocrx_word' id='word_1_3' title='bbox 807 130 983 174; x_wconf 77' lang='lat' dir='ltr'><strong>LIBER</strong></span> <span class='ocrx_word' id='word_1_4' title='bbox 1019 130 1054 175; x_wconf 93' lang='lat'>1.</span> <span class='ocrx_word' id='word_1_5' title='bbox 1675 122 1737 174; x_wconf 80' lang='lat'>19</span> 
     </span>
    </p>
   </div>
   <div class='ocr_carea' id='block_1_2' title="bbox 138 266 1740 1746">
    <p class='ocr_par' dir='ltr' id='par_1_2' title="bbox 138 266 1740 1746">
     <span class='ocr_line' id='line_1_2' title="bbox 216 266 1306 336; baseline -0.002 -17"><span class='ocrx_word' id='word_1_6' title='bbox 216 266 291 319; x_wconf 84' lang='lat' dir='ltr'>Vt</span> <span class='ocrx_word' id='word_1_7' title='bbox 325 284 472 319; x_wconf 91' lang='lat' dir='ltr'>meus</span> <span class='ocrx_word' id='word_1_8' title='bbox 509 266 676 318; x_wconf 88' lang='lat' dir='ltr'>oblito</span> <span class='ocrx_word' id='word_1_9' title='bbox 713 266 887 336; x_wconf 91' lang='lat' dir='ltr'>pulvis</span> <span class='ocrx_word' id='word_1_10' title='bbox 925 283 1102 318; x_wconf 91' lang='lat' dir='ltr'>amore</span> <span class='ocrx_word' id='word_1_11' title='bbox 1139 266 1306 318; x_wconf 87' lang='lat' dir='ltr'>vacet.</span> 
     </span>
     <span class='ocr_line' id='line_1_3' title="bbox 144 335 1375 406; baseline -0.003 -15"><span class='ocrx_word' id='word_1_12' title='bbox 144 337 263 391; x_wconf 90' lang='lat' dir='ltr'>Illic</span> <span class='ocrx_word' id='word_1_13' title='bbox 300 336 613 406; x_wconf 83' lang='lat' dir='ltr'>Phylacides</span> <span class='ocrx_word' id='word_1_14' title='bbox 650 337 906 390; x_wconf 91' lang='lat' dir='ltr'>iocundae</span> <span class='ocrx_word' id='word_1_15' title='bbox 943 336 1183 406; x_wconf 79' lang='lat' dir='ltr'>coniugis</span> <span class='ocrx_word' id='word_1_16' title='bbox 1220 335 1375 388; x_wconf 90' lang='lat' dir='ltr'>heros</span> 
     </span>
     <span class='ocr_line' id='line_1_4' title="bbox 213 406 1393 476; baseline -0.002 -16"><span class='ocrx_word' id='word_1_17' title='bbox 213 406 341 460; x_wconf 88' lang='lat' dir='ltr'>Non</span> <span class='ocrx_word' id='word_1_18' title='bbox 376 407 552 476; x_wconf 87' lang='lat' dir='ltr'>potuit</span> <span class='ocrx_word' id='word_1_19' title='bbox 588 408 756 460; x_wconf 87' lang='lat' dir='ltr'>caecis</span> <span class='ocrx_word' id='word_1_20' title='bbox 791 409 1051 460; x_wconf 87' lang='lat' dir='ltr'>inmemor</span> <span class='ocrx_word' id='word_1_21' title='bbox 1086 425 1199 459; x_wconf 91' lang='lat' dir='ltr'>esse</span> <span class='ocrx_word' id='word_1_22' title='bbox 1237 406 1393 473; x_wconf 80' lang='lat' dir='ltr'>lociS,</span> 
     </span>
     <span class='ocr_line' id='line_1_5' title="bbox 146 475 1452 548; baseline -0.002 -17"><span class='ocrx_word' id='word_1_23' title='bbox 146 475 249 531; x_wconf 84' lang='lat' dir='ltr'>Sed</span> <span class='ocrx_word' id='word_1_24' title='bbox 287 477 509 547; x_wconf 89' lang='lat' dir='ltr'>cupidus</span> <span class='ocrx_word' id='word_1_25' title='bbox 545 477 696 530; x_wconf 89' lang='lat' dir='ltr'>falsis</span> <span class='ocrx_word' id='word_1_26' title='bbox 735 478 996 548; x_wconf 85' lang='lat' dir='ltr'>attingere</span> <span class='ocrx_word' id='word_1_27' title='bbox 1032 477 1226 547; x_wconf 86' lang='lat' dir='ltr'>gaudia</span> <span class='ocrx_word' id='word_1_28' title='bbox 1260 477 1452 545; x_wconf 87' lang='lat' dir='ltr'>palmis</span> 
     </span>
     <span class='ocr_line' id='line_1_6' title="bbox 215 547 1740 616; baseline -0.003 -16"><span class='ocrx_word' id='word_1_29' title='bbox 215 547 482 600; x_wconf 86' lang='lat' dir='ltr'>Thessalis</span> <span class='ocrx_word' id='word_1_30' title='bbox 520 548 790 616; x_wconf 86' lang='lat' dir='ltr'>antiquam</span> <span class='ocrx_word' id='word_1_31' title='bbox 827 550 1044 600; x_wconf 89' lang='lat' dir='ltr'>venerat</span> <span class='ocrx_word' id='word_1_32' title='bbox 1079 547 1266 599; x_wconf 89' lang='lat' dir='ltr'>umbra</span> <span class='ocrx_word' id='word_1_33' title='bbox 1302 547 1531 599; x_wconf 90' lang='lat' dir='ltr'>domum.</span> <span class='ocrx_word' id='word_1_34' title='bbox 1686 555 1740 596; x_wconf 85' lang='lat' dir='ltr'>lo</span> 
     </span>
     <span class='ocr_line' id='line_1_7' title="bbox 145 617 1485 688; baseline -0.001 -17"><span class='ocrx_word' id='word_1_35' title='bbox 145 617 268 672; x_wconf 90' lang='lat' dir='ltr'>Illic</span> <span class='ocrx_word' id='word_1_36' title='bbox 304 618 554 688; x_wconf 91' lang='lat' dir='ltr'>quicquid</span> <span class='ocrx_word' id='word_1_37' title='bbox 591 636 696 686; x_wconf 85' lang='lat' dir='ltr'>ero,</span> <span class='ocrx_word' id='word_1_38' title='bbox 736 637 943 687; x_wconf 82' lang='lat' dir='ltr'>semper</span> <span class='ocrx_word' id='word_1_39' title='bbox 976 620 1068 670; x_wconf 91' lang='lat' dir='ltr'>tua</span> <span class='ocrx_word' id='word_1_40' title='bbox 1106 618 1247 670; x_wconf 89' lang='lat' dir='ltr'>dicar</span> <span class='ocrx_word' id='word_1_41' title='bbox 1283 618 1485 687; x_wconf 85' lang='lat' dir='ltr'>imago:</span> 
     </span>
     <span class='ocr_line' id='line_1_8' title="bbox 215 687 1354 758; baseline -0.002 -16"><span class='ocrx_word' id='word_1_42' title='bbox 215 687 416 742; x_wconf 76' lang='lat' dir='ltr'>Traicit</span> <span class='ocrx_word' id='word_1_43' title='bbox 450 691 505 741; x_wconf 89' lang='lat' dir='ltr'>et</span> <span class='ocrx_word' id='word_1_44' title='bbox 539 689 635 741; x_wconf 88' lang='lat' dir='ltr'>fati</span> <span class='ocrx_word' id='word_1_45' title='bbox 671 689 850 741; x_wconf 84' lang='lat' dir='ltr'>littora</span> <span class='ocrx_word' id='word_1_46' title='bbox 885 707 1109 758; x_wconf 84' lang='lat' dir='ltr'>magnus</span> <span class='ocrx_word' id='word_1_47' title='bbox 1148 706 1308 740; x_wconf 87' lang='lat' dir='ltr'>amor.</span> <span class='ocrx_word' id='word_1_48' title='bbox 1345 738 1354 749; x_wconf 84' lang='lat'><em>‚</em></span> 
     </span>
     <span class='ocr_line' id='line_1_9' title="bbox 144 757 1355 826; baseline -0.002 -14"><span class='ocrx_word' id='word_1_49' title='bbox 144 757 263 812; x_wconf 89' lang='lat' dir='ltr'>Illic</span> <span class='ocrx_word' id='word_1_50' title='bbox 298 759 565 812; x_wconf 84' lang='lat' dir='ltr'>formosae</span> <span class='ocrx_word' id='word_1_51' title='bbox 601 760 817 812; x_wconf 89' lang='lat' dir='ltr'>veniant</span> <span class='ocrx_word' id='word_1_52' title='bbox 853 759 1042 812; x_wconf 89' lang='lat' dir='ltr'>chorus</span> <span class='ocrx_word' id='word_1_53' title='bbox 1079 758 1355 826; x_wconf 90' lang='lat' dir='ltr'>heroinae,</span> 
     </span>
     <span class='ocr_line' id='line_1_10' title="bbox 215 828 1492 899; baseline -0.001 -17"><span class='ocrx_word' id='word_1_54' title='bbox 215 828 356 892; x_wconf 85' lang='lat' dir='ltr'>Quas</span> <span class='ocrx_word' id='word_1_55' title='bbox 393 830 539 882; x_wconf 87' lang='lat' dir='ltr'>dedit</span> <span class='ocrx_word' id='word_1_56' title='bbox 573 830 789 899; x_wconf 85' lang='lat' dir='ltr'>Argivis</span> <span class='ocrx_word' id='word_1_57' title='bbox 826 829 1075 882; x_wconf 87' lang='lat' dir='ltr'>Dardana</span> <span class='ocrx_word' id='word_1_58' title='bbox 1109 829 1306 898; x_wconf 89' lang='lat' dir='ltr'>praeda</span> <span class='ocrx_word' id='word_1_59' title='bbox 1340 829 1492 898; x_wconf 82' lang='lat' dir='ltr'>viris3</span> 
     </span>
     <span class='ocr_line' id='line_1_11' title="bbox 143 898 1738 968; baseline -0.003 -16"><span class='ocrx_word' id='word_1_60' title='bbox 143 898 375 963; x_wconf 83' lang='lat' dir='ltr'>Quarum</span> <span class='ocrx_word' id='word_1_61' title='bbox 409 900 558 952; x_wconf 90' lang='lat' dir='ltr'>nulla</span> <span class='ocrx_word' id='word_1_62' title='bbox 592 903 685 952; x_wconf 89' lang='lat' dir='ltr'>tua</span> <span class='ocrx_word' id='word_1_63' title='bbox 719 901 882 953; x_wconf 85' lang='lat' dir='ltr'>fuerit</span> <span class='ocrx_word' id='word_1_64' title='bbox 916 900 1074 967; x_wconf 93' lang='lat' dir='ltr'>mihi,</span> <span class='ocrx_word' id='word_1_65' title='bbox 1114 899 1366 968; x_wconf 84' lang='lat' dir='ltr'>Cynthia,</span> <span class='ocrx_word' id='word_1_66' title='bbox 1404 901 1577 951; x_wconf 89' lang='lat' dir='ltr'>forma</span> <span class='ocrx_word' id='word_1_67' title='bbox 1688 908 1738 948; x_wconf 86' lang='lat'>15</span> 
     </span>
     <span class='ocr_line' id='line_1_12' title="bbox 215 970 1340 1024; baseline -0.002 0"><span class='ocrx_word' id='word_1_68' title='bbox 215 970 429 1024; x_wconf 88' lang='lat' dir='ltr'>Gratior</span> <span class='ocrx_word' id='word_1_69' title='bbox 465 974 518 1023; x_wconf 88' lang='lat' dir='ltr'>et</span> <span class='ocrx_word' id='word_1_70' title='bbox 553 970 730 1023; x_wconf 85' lang='lat' dir='ltr'>Tellus</span> <span class='ocrx_word' id='word_1_71' title='bbox 767 971 868 1023; x_wconf 89' lang='lat' dir='ltr'>hoc</span> <span class='ocrx_word' id='word_1_72' title='bbox 903 971 981 1023; x_wconf 83' lang='lat' dir='ltr'>ita</span> <span class='ocrx_word' id='word_1_73' title='bbox 1014 971 1151 1023; x_wconf 90' lang='lat' dir='ltr'>iusta</span> <span class='ocrx_word' id='word_1_74' title='bbox 1187 970 1340 1023; x_wconf 88' lang='lat' dir='ltr'>sinat.</span> 
     </span>
     <span class='ocr_line' id='line_1_13' title="bbox 142 1040 1574 1111; baseline -0.001 -17"><span class='ocrx_word' id='word_1_75' title='bbox 142 1040 439 1109; x_wconf 82' lang='lat' dir='ltr'>†Quamvis</span> <span class='ocrx_word' id='word_1_76' title='bbox 475 1044 529 1094; x_wconf 83' lang='lat' dir='ltr'>te</span> <span class='ocrx_word' id='word_1_77' title='bbox 565 1041 758 1111; x_wconf 82' lang='lat' dir='ltr'>longae</span> <span class='ocrx_word' id='word_1_78' title='bbox 793 1043 1124 1094; x_wconf 72' lang='lat' dir='ltr'>remorentur</span> <span class='ocrx_word' id='word_1_79' title='bbox 1157 1041 1271 1093; x_wconf 84' lang='lat' dir='ltr'>fata</span> <span class='ocrx_word' id='word_1_80' title='bbox 1308 1043 1574 1109; x_wconf 76' lang='lat' dir='ltr'>senectae,</span> 
     </span>
     <span class='ocr_line' id='line_1_14' title="bbox 212 1110 1429 1179; baseline -0.002 -14"><span class='ocrx_word' id='word_1_81' title='bbox 212 1110 396 1179; x_wconf 84' lang='lat' dir='ltr'>†Cara</span> <span class='ocrx_word' id='word_1_82' title='bbox 429 1113 609 1164; x_wconf 89' lang='lat' dir='ltr'>tamen</span> <span class='ocrx_word' id='word_1_83' title='bbox 645 1112 876 1164; x_wconf 82' lang='lat' dir='ltr'>lacrimis</span> <span class='ocrx_word' id='word_1_84' title='bbox 914 1129 1034 1164; x_wconf 88' lang='lat' dir='ltr'>ossa</span> <span class='ocrx_word' id='word_1_85' title='bbox 1069 1111 1247 1164; x_wconf 86' lang='lat' dir='ltr'>futura</span> <span class='ocrx_word' id='word_1_86' title='bbox 1281 1112 1429 1164; x_wconf 76' lang='lat' dir='ltr'>meis,</span> 
     </span>
     <span class='ocr_line' id='line_1_15' title="bbox 141 1181 1414 1251; baseline -0.001 -16"><span class='ocrx_word' id='word_1_87' title='bbox 141 1181 332 1251; x_wconf 83' lang='lat' dir='ltr'>†Quae</span> <span class='ocrx_word' id='word_1_88' title='bbox 366 1185 428 1235; x_wconf 84' lang='lat' dir='ltr'>tu</span> <span class='ocrx_word' id='word_1_89' title='bbox 462 1183 582 1235; x_wconf 86' lang='lat' dir='ltr'>viva</span> <span class='ocrx_word' id='word_1_90' title='bbox 616 1201 732 1235; x_wconf 91' lang='lat' dir='ltr'>mea</span> <span class='ocrx_word' id='word_1_91' title='bbox 767 1182 940 1251; x_wconf 88' lang='lat' dir='ltr'>possis</span> <span class='ocrx_word' id='word_1_92' title='bbox 978 1183 1173 1235; x_wconf 87' lang='lat' dir='ltr'>sentire</span> <span class='ocrx_word' id='word_1_93' title='bbox 1209 1182 1414 1234; x_wconf 76' lang='lat' dir='ltr'>favilla!</span> 
     </span>
     <span class='ocr_line' id='line_1_16' title="bbox 212 1252 1740 1321; baseline -0.001 -15"><span class='ocrx_word' id='word_1_94' title='bbox 212 1253 392 1321; x_wconf 84' lang='lat' dir='ltr'>†Tum</span> <span class='ocrx_word' id='word_1_95' title='bbox 426 1252 559 1306; x_wconf 92' lang='lat' dir='ltr'>mihi</span> <span class='ocrx_word' id='word_1_96' title='bbox 593 1271 704 1306; x_wconf 92' lang='lat' dir='ltr'>non</span> <span class='ocrx_word' id='word_1_97' title='bbox 739 1253 848 1305; x_wconf 93' lang='lat' dir='ltr'>ullo</span> <span class='ocrx_word' id='word_1_98' title='bbox 887 1270 1029 1305; x_wconf 87' lang='lat' dir='ltr'>mors</span> <span class='ocrx_word' id='word_1_99' title='bbox 1067 1253 1136 1305; x_wconf 92' lang='lat' dir='ltr'>sit</span> <span class='ocrx_word' id='word_1_100' title='bbox 1173 1271 1350 1305; x_wconf 88' lang='lat' dir='ltr'>amara</span> <span class='ocrx_word' id='word_1_101' title='bbox 1386 1253 1520 1305; x_wconf 91' lang='lat' dir='ltr'>loco.</span> <span class='ocrx_word' id='word_1_102' title='bbox 1684 1264 1740 1303; x_wconf 80' lang='lat'>20</span> 
     </span>
     <span class='ocr_line' id='line_1_17' title="bbox 146 1322 1606 1392; baseline 0 -16"><span class='ocrx_word' id='word_1_103' title='bbox 146 1322 316 1386; x_wconf 81' lang='lat' dir='ltr'>Quam</span> <span class='ocrx_word' id='word_1_104' title='bbox 350 1341 556 1392; x_wconf 85' lang='lat' dir='ltr'>vereor,</span> <span class='ocrx_word' id='word_1_105' title='bbox 593 1342 662 1377; x_wconf 93' lang='lat' dir='ltr'>ne</span> <span class='ocrx_word' id='word_1_106' title='bbox 697 1326 751 1376; x_wconf 82' lang='lat' dir='ltr'>te</span> <span class='ocrx_word' id='word_1_107' title='bbox 789 1325 1118 1392; x_wconf 86' lang='lat' dir='ltr'>contemptO,</span> <span class='ocrx_word' id='word_1_108' title='bbox 1159 1323 1412 1392; x_wconf 81' lang='lat' dir='ltr'>Cynthia,</span> <span class='ocrx_word' id='word_1_109' title='bbox 1451 1324 1606 1376; x_wconf 88' lang='lat' dir='ltr'>busto</span> 
     </span>
     <span class='ocr_line' id='line_1_18' title="bbox 212 1393 1594 1463; baseline 0 -17"><span class='ocrx_word' id='word_1_110' title='bbox 212 1393 506 1447; x_wconf 83' lang='lat' dir='ltr'>Abstrahat</span> <span class='ocrx_word' id='word_1_111' title='bbox 540 1413 572 1446; x_wconf 86' lang='lat' dir='ltr'>a</span> <span class='ocrx_word' id='word_1_112' title='bbox 606 1396 790 1447; x_wconf 88' lang='lat' dir='ltr'>nostro</span> <span class='ocrx_word' id='word_1_113' title='bbox 827 1394 1040 1463; x_wconf 86' lang='lat' dir='ltr'>pulvere</span> <span class='ocrx_word' id='word_1_114' title='bbox 1077 1393 1289 1463; x_wconf 91' lang='lat' dir='ltr'>iniquus</span> <span class='ocrx_word' id='word_1_115' title='bbox 1326 1395 1520 1463; x_wconf 90' lang='lat' dir='ltr'>Amor,</span> <span class='ocrx_word' id='word_1_116' title='bbox 1592 1412 1594 1415; x_wconf 68' lang='grc'>’</span> 
     </span>
     <span class='ocr_line' id='line_1_19' title="bbox 138 1463 1479 1518; baseline -0.001 0"><span class='ocrx_word' id='word_1_117' title='bbox 138 1463 221 1518; x_wconf 81' lang='lat' dir='ltr'>Co</span> <span class='ocrx_word' id='word_1_118' title='bbox 263 1467 318 1518; x_wconf 86' lang='lat' dir='ltr'>at</span> <span class='ocrx_word' id='word_1_119' title='bbox 353 1467 408 1518; x_wconf 91' lang='lat' dir='ltr'>et</span> <span class='ocrx_word' id='word_1_120' title='bbox 441 1465 663 1517; x_wconf 88' lang='lat' dir='ltr'>invitam</span> <span class='ocrx_word' id='word_1_121' title='bbox 699 1465 945 1517; x_wconf 88' lang='lat' dir='ltr'>lacrimas</span> <span class='ocrx_word' id='word_1_122' title='bbox 983 1464 1179 1517; x_wconf 86' lang='lat' dir='ltr'>siccare</span> <span class='ocrx_word' id='word_1_123' title='bbox 1218 1464 1479 1517; x_wconf 73' lang='lat' dir='ltr'>cadentes,</span> 
     </span>
     <span class='ocr_line' id='line_1_20' title="bbox 258 1535 1340 1604; baseline -0.001 -16"><span class='ocrx_word' id='word_1_124' title='bbox 258 1535 469 1588; x_wconf 89' lang='lat' dir='ltr'>lectitur</span> <span class='ocrx_word' id='word_1_125' title='bbox 505 1535 736 1588; x_wconf 86' lang='lat' dir='ltr'>adsiduis</span> <span class='ocrx_word' id='word_1_126' title='bbox 776 1538 918 1588; x_wconf 88' lang='lat' dir='ltr'>certa</span> <span class='ocrx_word' id='word_1_127' title='bbox 953 1535 1129 1604; x_wconf 88' lang='lat' dir='ltr'>puella</span> <span class='ocrx_word' id='word_1_128' title='bbox 1165 1536 1340 1588; x_wconf 83' lang='lat' dir='ltr'>minis,</span> 
     </span>
     <span class='ocr_line' id='line_1_21' title="bbox 143 1604 1740 1675; baseline -0.001 -16"><span class='ocrx_word' id='word_1_129' title='bbox 143 1604 341 1674; x_wconf 83' lang='lat' dir='ltr'>Quare,</span> <span class='ocrx_word' id='word_1_130' title='bbox 379 1605 504 1658; x_wconf 92' lang='lat' dir='ltr'>dum</span> <span class='ocrx_word' id='word_1_131' title='bbox 541 1606 689 1675; x_wconf 92' lang='lat' dir='ltr'>licet,</span> <span class='ocrx_word' id='word_1_132' title='bbox 726 1606 965 1659; x_wconf 89' lang='lat' dir='ltr'>internos</span> <span class='ocrx_word' id='word_1_133' title='bbox 1002 1606 1256 1658; x_wconf 76' lang='lat' dir='ltr'>laetemur</span> <span class='ocrx_word' id='word_1_134' title='bbox 1292 1609 1554 1658; x_wconf 89' lang='lat' dir='ltr'>amantes:</span> <span class='ocrx_word' id='word_1_135' title='bbox 1686 1618 1740 1656; x_wconf 80' lang='lat'>25</span> 
     </span>
     <span class='ocr_line' id='line_1_22' title="bbox 212 1675 1474 1746; baseline -0.001 -16"><span class='ocrx_word' id='word_1_136' title='bbox 212 1675 340 1730; x_wconf 92' lang='lat' dir='ltr'>Non</span> <span class='ocrx_word' id='word_1_137' title='bbox 376 1676 504 1729; x_wconf 87' lang='lat' dir='ltr'>satis</span> <span class='ocrx_word' id='word_1_138' title='bbox 543 1680 624 1730; x_wconf 84' lang='lat' dir='ltr'>est</span> <span class='ocrx_word' id='word_1_139' title='bbox 659 1677 768 1729; x_wconf 93' lang='lat' dir='ltr'>ullo</span> <span class='ocrx_word' id='word_1_140' title='bbox 807 1679 1045 1745; x_wconf 90' lang='lat' dir='ltr'>tempore</span> <span class='ocrx_word' id='word_1_141' title='bbox 1083 1677 1275 1746; x_wconf 84' lang='lat' dir='ltr'>longus</span> <span class='ocrx_word' id='word_1_142' title='bbox 1313 1695 1474 1729; x_wconf 88' lang='lat' dir='ltr'>amor.</span> 
     </span>
    </p>
   </div>
   <div class='ocr_carea' id='block_1_3' title="bbox 817 1793 1066 1800">
    <p class='ocr_par' dir='ltr' id='par_1_3' title="bbox 817 1793 1066 1800">
     <span class='ocr_line' id='line_1_23' title="bbox 817 1793 1066 1800; baseline 0 1312"><span class='ocrx_word' id='word_1_143' title='bbox 817 1793 1066 1800; x_wconf 95' lang='lat' dir='ltr'> </span> 
     </span>
    </p>
   </div>
   <div class='ocr_carea' id='block_1_4' title="bbox 881 1856 1010 1917">
    <p class='ocr_par' dir='ltr' id='par_1_4' title="bbox 881 1856 1010 1917">
     <span class='ocr_line' id='line_1_24' title="bbox 881 1856 1010 1917; baseline 0 -1"><span class='ocrx_word' id='word_1_144' title='bbox 881 1856 1010 1917; x_wconf 88' lang='lat' dir='ltr'>XX.</span> 
     </span>
    </p>
   </div>
   <div class='ocr_carea' id='block_1_5' title="bbox 139 1959 1741 3006">
    <p class='ocr_par' dir='ltr' id='par_1_5' title="bbox 141 1959 1573 2030">
     <span class='ocr_line' id='line_1_25' title="bbox 141 1959 1573 2030; baseline -0.001 -17"><span class='ocrx_word' id='word_1_145' title='bbox 141 1959 263 2014; x_wconf 83' lang='lat' dir='ltr'>Hoc</span> <span class='ocrx_word' id='word_1_146' title='bbox 300 1977 396 2030; x_wconf 91' lang='lat' dir='ltr'>pro</span> <span class='ocrx_word' id='word_1_147' title='bbox 434 1959 687 2013; x_wconf 87' lang='lat' dir='ltr'>continuo</span> <span class='ocrx_word' id='word_1_148' title='bbox 723 1962 803 2027; x_wconf 90' lang='lat' dir='ltr'>te,</span> <span class='ocrx_word' id='word_1_149' title='bbox 844 1959 1019 2027; x_wconf 83' lang='lat' dir='ltr'>Galle,</span> <span class='ocrx_word' id='word_1_150' title='bbox 1057 1977 1333 2012; x_wconf 89' lang='lat' dir='ltr'>monemus</span> <span class='ocrx_word' id='word_1_151' title='bbox 1371 1979 1573 2028; x_wconf 88' lang='lat' dir='ltr'>amore,</span> 
     </span>
    </p>

    <p class='ocr_par' dir='ltr' id='par_1_6' title="bbox 143 2030 1418 2182">
     <span class='ocr_line' id='line_1_26' title="bbox 211 2030 1282 2084; baseline -0.002 0"><span class='ocrx_word' id='word_1_152' title='bbox 211 2030 275 2084; x_wconf 93' lang='lat' dir='ltr'>Id</span> <span class='ocrx_word' id='word_1_153' title='bbox 310 2031 408 2084; x_wconf 85' lang='lat' dir='ltr'>tibi</span> <span class='ocrx_word' id='word_1_154' title='bbox 443 2049 511 2084; x_wconf 93' lang='lat' dir='ltr'>ne</span> <span class='ocrx_word' id='word_1_155' title='bbox 547 2048 712 2083; x_wconf 86' lang='lat' dir='ltr'>vacuo</span> <span class='ocrx_word' id='word_1_156' title='bbox 751 2031 945 2083; x_wconf 87' lang='lat' dir='ltr'>defluat</span> <span class='ocrx_word' id='word_1_157' title='bbox 981 2049 1045 2082; x_wconf 86' lang='lat' dir='ltr'>ex</span> <span class='ocrx_word' id='word_1_158' title='bbox 1081 2030 1282 2082; x_wconf 91' lang='lat' dir='ltr'>animo:</span> 
     </span>
     <span class='ocr_line' id='line_1_27' title="bbox 143 2100 1418 2182; baseline -0.001 -27"><span class='ocrx_word' id='word_1_159' title='bbox 143 2100 242 2156; x_wconf 85' lang='lat' dir='ltr'>Sae</span> <span class='ocrx_word' id='word_1_160' title='bbox 281 2120 310 2155; x_wconf 92' lang='lat' dir='ltr'>e</span> <span class='ocrx_word' id='word_1_161' title='bbox 345 2102 651 2182; x_wconf 88' lang='lat' dir='ltr'>inprudenti</span> <span class='ocrx_word' id='word_1_162' title='bbox 685 2101 902 2154; x_wconf 79' lang='lat' dir='ltr'>fortuna</span> <span class='ocrx_word' id='word_1_163' title='bbox 937 2102 1168 2154; x_wconf 82' lang='lat' dir='ltr'>occurrit</span> <span class='ocrx_word' id='word_1_164' title='bbox 1203 2102 1418 2155; x_wconf 84' lang='lat' dir='ltr'>amanti.</span> 
     </span>
    </p>

    <p class='ocr_par' dir='ltr' id='par_1_7' title="bbox 259 2171 1232 2240">
     <span class='ocr_line' id='line_1_28' title="bbox 259 2171 1232 2240; baseline -0.002 -15"><span class='ocrx_word' id='word_1_165' title='bbox 259 2172 456 2225; x_wconf 89' lang='lat' dir='ltr'>rudehs</span> <span class='ocrx_word' id='word_1_166' title='bbox 493 2172 691 2240; x_wconf 85' lang='lat' dir='ltr'>Minyis</span> <span class='ocrx_word' id='word_1_167' title='bbox 729 2171 920 2224; x_wconf 85' lang='lat' dir='ltr'>dixerit</span> <span class='ocrx_word' id='word_1_168' title='bbox 955 2172 1232 2224; x_wconf 88' lang='lat' dir='ltr'>Ascanius.</span> 
     </span>
    </p>

    <p class='ocr_par' dir='ltr' id='par_1_8' title="bbox 139 2241 1739 2313">
     <span class='ocr_line' id='line_1_29' title="bbox 139 2241 1739 2313; baseline -0.001 -17"><span class='ocrx_word' id='word_1_169' title='bbox 139 2241 244 2296; x_wconf 83' lang='lat' dir='ltr'>Est</span> <span class='ocrx_word' id='word_1_170' title='bbox 277 2243 376 2296; x_wconf 78' lang='lat' dir='ltr'>tibi</span> <span class='ocrx_word' id='word_1_171' title='bbox 411 2260 523 2295; x_wconf 88' lang='lat' dir='ltr'>non</span> <span class='ocrx_word' id='word_1_172' title='bbox 557 2242 699 2295; x_wconf 87' lang='lat' dir='ltr'>infra</span> <span class='ocrx_word' id='word_1_173' title='bbox 735 2242 991 2311; x_wconf 89' lang='lat' dir='ltr'>speciem,</span> <span class='ocrx_word' id='word_1_174' title='bbox 1028 2260 1140 2294; x_wconf 91' lang='lat' dir='ltr'>non</span> <span class='ocrx_word' id='word_1_175' title='bbox 1174 2243 1391 2295; x_wconf 92' lang='lat' dir='ltr'>nomine</span> <span class='ocrx_word' id='word_1_176' title='bbox 1430 2243 1608 2313; x_wconf 89' lang='lat' dir='ltr'>dispar</span> <span class='ocrx_word' id='word_1_177' title='bbox 1713 2254 1739 2295; x_wconf 88' lang='lat'>5</span> 
     </span>
    </p>

    <p class='ocr_par' dir='ltr' id='par_1_9' title="bbox 141 2312 1505 2454">
     <span class='ocr_line' id='line_1_30' title="bbox 212 2312 1364 2382; baseline 0 -16"><span class='ocrx_word' id='word_1_178' title='bbox 212 2313 630 2366; x_wconf 84' lang='lat' dir='ltr'>Thiodamanteo</span> <span class='ocrx_word' id='word_1_179' title='bbox 667 2314 939 2382; x_wconf 86' lang='lat' dir='ltr'>proximus</span> <span class='ocrx_word' id='word_1_180' title='bbox 974 2312 1131 2365; x_wconf 89' lang='lat' dir='ltr'>ardor</span> <span class='ocrx_word' id='word_1_181' title='bbox 1166 2312 1364 2381; x_wconf 87' lang='lat' dir='ltr'>Hylae:</span> 
     </span>
     <span class='ocr_line' id='line_1_31' title="bbox 141 2382 1505 2454; baseline 0 -17"><span class='ocrx_word' id='word_1_182' title='bbox 141 2382 283 2438; x_wconf 91' lang='lat' dir='ltr'>Huic</span> <span class='ocrx_word' id='word_1_183' title='bbox 318 2386 402 2452; x_wconf 90' lang='lat' dir='ltr'>tu,</span> <span class='ocrx_word' id='word_1_184' title='bbox 441 2384 551 2436; x_wconf 86' lang='lat' dir='ltr'>sive</span> <span class='ocrx_word' id='word_1_185' title='bbox 587 2384 731 2453; x_wconf 85' lang='lat' dir='ltr'>leges</span> <span class='ocrx_word' id='word_1_186' title='bbox 767 2384 1047 2436; x_wconf 90' lang='lat' dir='ltr'>umbrosae</span> <span class='ocrx_word' id='word_1_187' title='bbox 1083 2383 1302 2436; x_wconf 89' lang='lat' dir='ltr'>flumina</span> <span class='ocrx_word' id='word_1_188' title='bbox 1340 2383 1505 2454; x_wconf 86' lang='lat' dir='ltr'>Silae,</span> 
     </span>
    </p>

    <p class='ocr_par' dir='ltr' id='par_1_10' title="bbox 143 2453 1384 2595">
     <span class='ocr_line' id='line_1_32' title="bbox 213 2453 1384 2524; baseline -0.001 -16"><span class='ocrx_word' id='word_1_189' title='bbox 213 2453 334 2509; x_wconf 86' lang='lat' dir='ltr'>Sive</span> <span class='ocrx_word' id='word_1_190' title='bbox 368 2454 579 2506; x_wconf 91' lang='lat' dir='ltr'>Aniena</span> <span class='ocrx_word' id='word_1_191' title='bbox 612 2457 733 2506; x_wconf 88' lang='lat' dir='ltr'>tuos</span> <span class='ocrx_word' id='word_1_192' title='bbox 770 2454 988 2507; x_wconf 88' lang='lat' dir='ltr'>tinxerit</span> <span class='ocrx_word' id='word_1_193' title='bbox 1021 2453 1163 2506; x_wconf 91' lang='lat' dir='ltr'>unda</span> <span class='ocrx_word' id='word_1_194' title='bbox 1198 2455 1358 2523; x_wconf 91' lang='lat' dir='ltr'>pedes</span> <span class='ocrx_word' id='word_1_195' title='bbox 1368 2495 1384 2524; x_wconf 94' lang='lat'>,</span> 
     </span>
     <span class='ocr_line' id='line_1_33' title="bbox 143 2523 1260 2595; baseline -0.003 -16"><span class='ocrx_word' id='word_1_196' title='bbox 143 2523 264 2595; x_wconf 83' lang='lat' dir='ltr'>Sive</span> <span class='ocrx_word' id='word_1_197' title='bbox 297 2524 564 2595; x_wconf 75' lang='lat' dir='ltr'>Gigantea</span> <span class='ocrx_word' id='word_1_198' title='bbox 601 2525 895 2593; x_wconf 75' lang='lat' dir='ltr'>spatiabere</span> <span class='ocrx_word' id='word_1_199' title='bbox 932 2525 1104 2576; x_wconf 88' lang='lat' dir='ltr'>litoris</span> <span class='ocrx_word' id='word_1_200' title='bbox 1142 2542 1260 2590; x_wconf 79' lang='lat' dir='ltr'>ora,</span> 
     </span>
    </p>

    <p class='ocr_par' dir='ltr' id='par_1_11' title="bbox 142 2594 1741 2736">
     <span class='ocr_line' id='line_1_34' title="bbox 215 2594 1741 2664; baseline -0.001 -15"><span class='ocrx_word' id='word_1_201' title='bbox 215 2595 334 2649; x_wconf 84' lang='lat' dir='ltr'>Sive</span> <span class='ocrx_word' id='word_1_202' title='bbox 370 2595 685 2664; x_wconf 90' lang='lat' dir='ltr'>ubicumque</span> <span class='ocrx_word' id='word_1_203' title='bbox 722 2613 856 2664; x_wconf 87' lang='lat' dir='ltr'>vago</span> <span class='ocrx_word' id='word_1_204' title='bbox 894 2595 1125 2647; x_wconf 89' lang='lat' dir='ltr'>fluminis</span> <span class='ocrx_word' id='word_1_205' title='bbox 1162 2594 1419 2664; x_wconf 78' lang='lat' dir='ltr'>hospitio,</span> <span class='ocrx_word' id='word_1_206' title='bbox 1688 2608 1741 2648; x_wconf 88' lang='lat'>10</span> 
     </span>
     <span class='ocr_line' id='line_1_35' title="bbox 142 2664 1510 2736; baseline 0 -17"><span class='ocrx_word' id='word_1_207' title='bbox 142 2664 511 2735; x_wconf 88' lang='lat' dir='ltr'>Nympharum</span> <span class='ocrx_word' id='word_1_208' title='bbox 547 2683 754 2734; x_wconf 90' lang='lat' dir='ltr'>semper</span> <span class='ocrx_word' id='word_1_209' title='bbox 792 2666 1004 2734; x_wconf 89' lang='lat' dir='ltr'>cupidas</span> <span class='ocrx_word' id='word_1_210' title='bbox 1041 2665 1262 2718; x_wconf 89' lang='lat' dir='ltr'>defende</span> <span class='ocrx_word' id='word_1_211' title='bbox 1299 2668 1510 2736; x_wconf 81' lang='lat' dir='ltr'>rapinas</span> 
     </span>
    </p>

    <p class='ocr_par' dir='ltr' id='par_1_12' title="bbox 143 2735 1510 2876">
     <span class='ocr_line' id='line_1_36' title="bbox 217 2735 1510 2809; baseline 0 -20"><span class='ocrx_word' id='word_1_212' title='bbox 217 2735 363 2804; x_wconf 92' lang='lat' dir='ltr'>(Non</span> <span class='ocrx_word' id='word_1_213' title='bbox 398 2736 573 2789; x_wconf 89' lang='lat' dir='ltr'>minor</span> <span class='ocrx_word' id='word_1_214' title='bbox 608 2736 860 2788; x_wconf 88' lang='lat' dir='ltr'>Ausoniis</span> <span class='ocrx_word' id='word_1_215' title='bbox 899 2739 980 2788; x_wconf 88' lang='lat' dir='ltr'>est</span> <span class='ocrx_word' id='word_1_216' title='bbox 1015 2754 1162 2788; x_wconf 90' lang='lat' dir='ltr'>amor</span> <span class='ocrx_word' id='word_1_217' title='bbox 1197 2736 1510 2809; x_wconf 86' lang='lat' dir='ltr'>Adryasin),</span> 
     </span>
     <span class='ocr_line' id='line_1_37' title="bbox 143 2806 1483 2876; baseline 0 -17"><span class='ocrx_word' id='word_1_218' title='bbox 143 2806 227 2860; x_wconf 89' lang='lat' dir='ltr'>Ne</span> <span class='ocrx_word' id='word_1_219' title='bbox 264 2807 363 2859; x_wconf 89' lang='lat' dir='ltr'>tibi</span> <span class='ocrx_word' id='word_1_220' title='bbox 400 2807 484 2873; x_wconf 89' lang='lat' dir='ltr'>sit,</span> <span class='ocrx_word' id='word_1_221' title='bbox 524 2806 736 2874; x_wconf 91' lang='lat' dir='ltr'>durum,</span> <span class='ocrx_word' id='word_1_222' title='bbox 772 2810 980 2859; x_wconf 87' lang='lat' dir='ltr'>montes</span> <span class='ocrx_word' id='word_1_223' title='bbox 1020 2809 1073 2859; x_wconf 89' lang='lat' dir='ltr'>et</span> <span class='ocrx_word' id='word_1_224' title='bbox 1109 2807 1301 2876; x_wconf 88' lang='lat' dir='ltr'>frigida</span> <span class='ocrx_word' id='word_1_225' title='bbox 1337 2827 1483 2873; x_wconf 82' lang='lat' dir='ltr'>saxa,</span> 
     </span>
    </p>

    <p class='ocr_par' dir='ltr' id='par_1_13' title="bbox 216 2876 1508 2949">
     <span class='ocr_line' id='line_1_38' title="bbox 216 2876 1508 2949; baseline 0 -20"><span class='ocrx_word' id='word_1_226' title='bbox 216 2876 393 2948; x_wconf 87' lang='lat' dir='ltr'>Galle,</span> <span class='ocrx_word' id='word_1_227' title='bbox 428 2884 599 2948; x_wconf 86' lang='lat' dir='ltr'>neque</span> <span class='ocrx_word' id='word_1_228' title='bbox 636 2880 880 2949; x_wconf 82' lang='lat' dir='ltr'>expertos</span> <span class='ocrx_word' id='word_1_229' title='bbox 918 2896 1123 2948; x_wconf 89' lang='lat' dir='ltr'>semper</span> <span class='ocrx_word' id='word_1_230' title='bbox 1159 2877 1302 2930; x_wconf 90' lang='lat' dir='ltr'>adire</span> <span class='ocrx_word' id='word_1_231' title='bbox 1339 2879 1508 2946; x_wconf 87' lang='lat' dir='ltr'>lacus,</span> 
     </span>
    </p>

    <p class='ocr_par' dir='ltr' id='par_1_14' title="bbox 1432 2962 1487 3006">
     <span class='ocr_line' id='line_1_39' title="bbox 1432 2962 1487 3006; baseline 0 -21"><span class='ocrx_word' id='word_1_232' title='bbox 1432 2962 1487 3006; x_wconf 71' lang='lat'>2*</span> 
     </span>
    </p>
   </div>
  </div>
 </body>
</html>
