1936 3112
123 132 262 193 xm]
374 201 378 206 ἡ
772 134 950 181 LIBER
985 134 1063 180 ΠΙ.
1645 127 1716 181 43

194 270 469 341 Suscipere
507 274 561 324 et
595 270 793 324 Veneri
828 289 1025 341 ponere
1062 274 1186 323 vota
1226 268 1393 322 iuvat:

123 342 380 412 Incipiam
419 344 629 411 captare
664 343 802 395 feras
841 345 895 395 et
928 342 1145 395 reddere
1181 341 1311 409 pinu

194 411 407 466 Cornua
443 418 497 465 et
532 413 752 466 audaces
790 413 903 481 ipse
939 430 1153 465 monere
1192 429 1371 479 canes3
1661 421 1717 461 20

121 482 248 536 Non
282 485 462 536 tamen
496 486 557 535 ut
591 487 768 536 vastos
806 484 974 535 ausim
1009 484 1268 551 temptare
1304 482 1483 533 leones

193 553 304 606 Aut
339 554 476 606 celer
512 557 746 624 agrestes
785 554 1078 606 comminus
1115 554 1192 605 ire
1231 570 1364 604 sueS.

121 622 269 676 Haec
304 624 469 694 igitur
504 624 636 676 mihi
673 625 744 676 sit
778 624 986 693 lepores
1024 623 1240 676 audacia
1273 622 1462 674 molles

190 693 449 764 Excipere
487 697 540 747 et
577 694 760 747 stricto
798 695 959 764 figere
996 712 1145 746 avem
1182 693 1382 746 calamo
1395 733 1409 760 ,

121 764 236 828 Qua
270 765 504 818 formosa
541 783 635 818 suo
675 764 974 819 Clitumnus
1009 764 1228 816 flumina
1263 764 1382 816 luco
1660 773 1714 813 25

189 834 393 905 Integit
429 839 482 888 et
516 836 700 888 niveos
738 836 906 888 abluit
940 836 1082 887 unda
1116 835 1294 887 boveS.

119 905 200 958 Tu
236 906 480 974 quotiens
519 906 719 975 aliquid
757 906 1039 973 conabere,
1078 906 1211 973 vita,
1248 906 1514 956 memento

189 975 484 1029 Venturum
519 977 701 1046 paucis
738 994 823 1029 me
864 977 963 1029 tibi
1000 976 1272 1029 Luciferis,

119 1045 207 1099 Sic
242 1065 327 1099 me
362 1065 461 1100 nec
498 1048 641 1100 solae
676 1050 928 1117 poterunt
963 1049 1196 1099 avertere
1234 1046 1394 1098 silvae

186 1116 302 1170 Nec
338 1135 475 1187 vaga
508 1118 766 1170 muscosis
801 1118 1020 1170 flumina
1054 1118 1172 1169 fusa
1206 1116 1346 1185 iugis
1357 1157 1372 1184 ,
1659 1127 1715 1167 30

118 1186 259 1250 Quin
296 1205 396 1258 ego
433 1188 491 1239 in
529 1188 747 1240 adsidua
782 1191 982 1241 mutem
1018 1190 1109 1240 tua
1143 1187 1361 1239 nomina
1397 1186 1605 1255 lingua,

186 1258 414 1310 Absenti
449 1277 605 1311 nemo
642 1277 710 1311 ne
746 1260 991 1312 nocuisse
1026 1258 1170 1311 velit.

733 1439 880 1499 XIII
924 1440 1101 1517 [XX].

117 1540 256 1604 Quid
290 1541 385 1595 fles
423 1541 651 1594 abducta
686 1542 897 1611 gravius
935 1541 1209 1594 Briseide?
1248 1542 1373 1611 quid
1407 1543 1502 1595 fles

185 1613 362 1664 Anxia
399 1613 605 1682 captiva
638 1613 843 1664 tristius
881 1612 1291 1665 Andromacha?

116 1682 319 1745 Quidve
355 1701 473 1736 mea
509 1683 574 1735 de
610 1682 793 1735 fraude
831 1682 957 1735 deos
966 1724 980 1751 ,
1019 1684 1230 1751 insana,
1267 1683 1500 1753 fatigas?

185 1753 322 1816 Quid
359 1753 590 1822 quereris
626 1756 863 1806 nostram
901 1754 977 1806 sic
1020 1754 1271 1806 cecidisse
1307 1754 1499 1806 fidem?

115 1822 244 1877 Non
279 1826 390 1876 tam
425 1827 689 1876 nocturna
725 1824 951 1876 volucris
988 1824 1200 1877 funesta
1236 1825 1448 1893 querela
1686 1837 1712 1877 5

185 1894 366 1947 Attica
402 1893 673 1963 Cecropiis
712 1895 972 1964 obstrepit
1006 1895 1063 1946 in
1099 1895 1268 1964 foliis,

113 1963 228 2018 Nec
262 1967 470 2017 tantum
505 1965 710 2017 Niobae
748 1965 829 2017 bis
868 1983 959 2018 sex
996 1965 1062 2017 ad
1098 1966 1254 2018 busta
1290 1967 1545 2035 superbae

185 2035 426 2088 Sollicito
463 2036 710 2088 lacrimae
747 2035 930 2088 defluit
966 2054 996 2087 a
1034 2035 1231 2104 Sipylo,

114 2104 202 2158 Me
237 2105 362 2158 licet
398 2108 588 2158 aeratis
627 2106 925 2176 astringant
961 2106 1175 2159 brachia
1210 2107 1364 2159 nodis
1376 2149 1390 2175 ,

185 2175 305 2229 Sint
340 2194 460 2229 mea
493 2177 578 2229 vel
613 2175 824 2229 Danaes
863 2177 1075 2229 condita
1111 2178 1348 2230 membra
1385 2179 1567 2246 domo,
1660 2191 1712 2231 10

112 2245 179 2298 In
213 2248 267 2298 te
305 2264 404 2316 ego
443 2250 497 2299 et
532 2250 734 2299 aeratas
770 2266 1038 2316 rumpam,
1076 2266 1194 2300 mea
1231 2249 1361 2316 vita,
1402 2253 1614 2302 catenas
1625 2291 1639 2317 ‚

183 2315 453 2369 Ferratam
490 2316 700 2370 Danaes
737 2318 1136 2387 transiliamque
1174 2319 1404 2373 domum.

111 2385 194 2440 De
229 2389 283 2440 te
319 2388 682 2456 quodcumque
719 2387 784 2439 ad
822 2388 1004 2440 surdas
1041 2388 1174 2441 mihi
1212 2389 1403 2442 dicitur
1439 2409 1614 2444 aures:

182 2457 264 2510 Tu
298 2458 455 2510 modo
492 2476 560 2510 ne
598 2458 780 2510 dubita
817 2458 880 2512 de
917 2460 1177 2529 gravitate
1214 2479 1346 2513 mea.

113 2528 249 2580 Ossa
282 2528 382 2580 tibi
418 2529 534 2581 iuro
572 2547 666 2597 per
703 2530 886 2581 matris
926 2532 980 2581 et
1015 2547 1135 2582 ossa
1170 2531 1407 2599 parentis
1659 2544 1709 2583 15

183 2597 455 2667 (sifallo,
492 2599 625 2651 cinis
662 2598 766 2652 heu
802 2600 873 2652 sit
907 2599 1038 2652 mihi
1075 2604 1293 2669 uterque
1329 2603 1556 2672 gravisi)

111 2667 200 2720 Me
235 2668 334 2721 tibi
371 2669 437 2721 ad
473 2672 732 2722 extremas
768 2689 1097 2739 mansurum,
1135 2672 1269 2739 vita,
1307 2673 1577 2726 tenebras:

182 2739 384 2792 Ambos
421 2758 527 2791 una
562 2739 692 2792 fides
730 2741 954 2809 auferet,
992 2760 1098 2793 una
1135 2740 1261 2794 dies.

113 2807 265 2871 Quod
302 2810 348 2862 si
382 2828 481 2862 nec
517 2828 713 2863 nomen
748 2829 846 2863 nec
882 2830 966 2864 me
1002 2815 1095 2864 tua
1130 2812 1301 2865 forma
1335 2817 1565 2882 teneret,

181 2878 369 2933 Posset
405 2881 675 2933 servitium
712 2882 840 2934 mite
877 2885 1056 2935 tenere
1092 2885 1256 2936 tuum.
1651 2898 1707 2936 20
