1936 3112
122 115 198 203 vg]
361 186 366 191 1
767 119 944 163 LIBER
981 120 1036 165 11.
1649 110 1714 164 27

122 251 275 303 Alter
310 269 466 319 saepe
503 271 609 305 uno
646 256 817 306 mutat
851 254 1159 323 praecordia
1194 254 1352 306 verbo
1361 292 1379 321 ‚
1638 273 1664 302 ο

190 320 376 373 Altera
411 322 499 373 vix
535 323 651 391 ipso
690 325 947 393 sanguine
983 325 1159 376 mollis
1198 325 1310 375 erit.

878 531 949 592 V.

120 629 239 684 Hoc
273 633 532 699 veru'mst‚
570 634 686 685 tota
720 636 774 686 te
811 634 962 702 ferri,
1001 632 1256 701 Cynthia,
1296 632 1467 684 Roma

191 701 264 754 Et
297 719 408 754 non
443 703 631 772 ignota
667 703 839 756 vivere
875 704 1145 773 nequitia?

120 771 267 825 Haec
302 773 470 825 merui
507 773 752 842 sperare?
791 774 941 826 dabis
978 773 1134 841 mihi,
1172 773 1397 843 perfida,
1436 789 1663 841 poenas:

188 841 264 895 Et
295 843 451 895 nobis
489 844 665 913 aliquo
674 885 689 912 ,
729 842 985 913 Cynthia,
1022 846 1210 896 ventus
1248 843 1362 896 erit.

120 911 395 965 Inveniam
429 916 610 966 tamen
647 933 674 967 e
710 915 890 967 multis
927 914 1202 967 fallacibus
1239 932 1426 982 unam,
1690 921 1717 962 5

191 981 336 1046 Quae
371 984 487 1037 fieri
522 987 706 1037 nostro
745 985 977 1037 carmine
1012 987 1141 1037 nota
1176 984 1328 1052 velit,

119 1052 234 1107 Nec
268 1053 402 1107 mihi
435 1057 546 1107 tam
583 1055 726 1107 duris
762 1056 985 1108 insultet
1019 1055 1253 1107 moribus
1291 1057 1344 1106 et
1378 1057 1432 1107 te

191 1123 442 1179 V'ellicet:
479 1125 583 1178 heu
620 1143 737 1179 sero
774 1126 925 1178 flebis
962 1128 1135 1178 amata
1171 1125 1276 1181 diu.

120 1193 281 1249 Nunc
318 1198 400 1248 est
434 1195 515 1248 ira
549 1214 758 1265 recens,
795 1214 938 1249 nunc
976 1200 1058 1249 est
1094 1195 1360 1248 discedere
1396 1198 1630 1264 tempus:

191 1265 248 1319 Si
285 1265 437 1319 dolor
473 1266 690 1334 afuerit,
731 1267 908 1335 crede,
945 1267 1138 1319 redibit
1175 1284 1336 1318 amor.
1667 1274 1720 1315 lo

119 1334 168 1390 N
176 1353 248 1389 on
282 1337 362 1389 ita
398 1335 713 1406 Carpathiae
750 1338 957 1390 variant
990 1337 1346 1406 Aquilonibus
1383 1336 1555 1388 undae

189 1405 304 1460 Nec
341 1407 502 1460 dubio
538 1409 706 1461 nubes
743 1408 966 1461 vertitur
1002 1411 1117 1460 atra
1150 1406 1322 1476 Noto,

122 1475 291 1540 Quam
326 1478 480 1531 facile
517 1478 639 1531 irati
673 1479 835 1531 verbo
872 1481 1146 1531 mutantur
1181 1479 1442 1531 amantes:

190 1547 334 1602 Dum
369 1549 519 1617 licet,
557 1549 755 1601 iniusto
793 1548 1043 1602 subtrahe
1081 1548 1217 1602 colla
1251 1549 1395 1618 iugo,

122 1617 236 1673 Nec
269 1622 331 1672 tu
365 1636 478 1672 non
513 1620 736 1688 aliquid,
776 1620 868 1672 sed
903 1620 1076 1688 prima
1111 1621 1293 1687 nocte,
1332 1618 1561 1672 dolebis:
1668 1629 1719 1670 15

193 1689 363 1742 Omne
398 1691 456 1742 in
493 1708 671 1742 amore
707 1691 928 1759 malum,
967 1692 1013 1743 si
1047 1690 1277 1759 patiare,
1315 1690 1494 1743 levest.

78 1772 84 1778 ’
121 1760 199 1813 At
230 1762 292 1814 tu
325 1778 422 1830 per
457 1760 701 1814 dominae
738 1760 959 1813 Iunonis
998 1761 1173 1814 dulcia
1209 1761 1325 1813 iura

191 1830 355 1884 Parce
389 1831 497 1884 tuis
534 1832 753 1900 animiS,
790 1832 923 1899 vita,
961 1849 1152 1884 nocere
1188 1831 1302 1884 tibi.

121 1900 248 1955 Non
283 1901 456 1955 solum
490 1905 673 1955 taurus
709 1902 835 1954 ferit
869 1903 1019 1954 uncis
1058 1902 1306 1955 cornibus
1342 1901 1577 1971 hostem,

192 1971 390 2025 Verum
427 1973 587 2026 etiam
623 1972 846 2025 instanti
882 1973 1024 2025 laesa
1059 1974 1322 2042 repugnat
1358 1973 1486 2025 ovis,
1666 1983 1723 2023 20

121 2041 237 2097 Nec
271 2043 372 2096 tibi
406 2044 617 2112 periuro
657 2043 892 2095 scindam
931 2043 995 2095 de
1032 2061 1251 2112 corpore
1287 2047 1513 2112 vestem,

191 2111 305 2166 Nec
341 2131 460 2166 mea
494 2114 794 2183 praeclusas
830 2113 1050 2183 fregerit
1084 2114 1163 2166 ira
1198 2114 1338 2166 fores
1351 2154 1367 2181 ‚

122 2182 237 2237 Nec
271 2184 372 2237 tibi
409 2201 638 2237 conexos
675 2185 839 2236 iratus
878 2202 1088 2253 carpere
1126 2185 1296 2236 crines

192 2253 307 2308 Nec
344 2254 487 2307 duris
525 2255 695 2307 ausim
730 2254 936 2307 laedere
971 2255 1277 2323 pollicibus:

123 2324 372 2379 Rusticus
409 2325 539 2378 haec
577 2326 764 2394 aliquis
802 2329 912 2377 tam
948 2325 1126 2394 turpia
1160 2326 1363 2395 proelia
1387 2329 1627 2395 quaerat,
1665 2336 1720 2377 25

195 2395 357 2450 Cuius
392 2413 504 2448 non
539 2395 761 2449 hederae
800 2396 1047 2448 circuiere
1085 2399 1256 2465 caput.

126 2466 362 2520 Scribam
386 2466 565 2536 igitur,
598 2466 739 2535 quod
763 2484 874 2519 non
897 2484 1146 2535 umquam
1169 2470 1260 2519 tua
1285 2467 1457 2520 deleat
1481 2471 1648 2541 aetas²

196 2535 456 2606 ‘Cynthia
491 2538 662 2590 forma
697 2540 886 2606 potens
896 2578 911 2605 ‚
951 2536 1182 2605 Cynthia
1217 2538 1376 2590 verba
1412 2538 1579 2590 levis)

126 2608 293 2664 Crede
317 2607 464 2677 mihi,
492 2609 729 2677 quamvis
757 2610 1062 2660 contemnas
1087 2626 1356 2661 murmura
1380 2609 1580 2680 famae,

195 2680 298 2735 Hic
334 2679 434 2733 tibi
468 2680 682 2750 pallori,
722 2678 974 2747 Cynthia,
1014 2697 1192 2733 versus
1231 2681 1345 2735 erit.
1666 2694 1722 2733 30
