1936 3112
142 145 220 208 v.]
811 144 990 191 LIBER
1024 144 1080 190 v.
1643 137 1740 190 103

142 283 244 338 Illa
278 282 423 351 velit,
460 282 661 353 poterit
695 300 916 353 magnes
952 299 1063 334 non
1100 281 1288 334 ducere
1325 280 1522 332 ferrum

211 354 285 407 Et
321 354 548 407 volucris
586 353 726 406 nidis
765 371 878 406 esse
915 370 1142 405 noverca
1178 353 1300 404 suiS.
1690 358 1741 399 10

143 424 349 494 Quippe
386 428 455 492 et,
496 424 732 478 Collinas
770 423 836 476 ad
873 424 1071 476 fossam
1108 423 1334 475 moverit
1369 420 1576 490 herbas,

215 495 424 549 Stantia
461 495 691 547 currenti
730 494 1055 546 diluerentur
1092 512 1239 562 aqua.

142 565 331 619 Audax
369 568 609 618 cantatae
647 566 791 635 leges
829 565 1084 633 inponere
1122 565 1276 616 lunae

212 635 286 688 Et
321 653 416 687 sua
450 639 712 688 nocturno
752 636 934 688 fallere
971 639 1122 704 terga
1159 636 1300 703 lup0,

142 705 332 760 Posset
367 708 427 758 ut
462 706 696 758 intentos
735 709 853 758 astu
891 724 1100 758 caecare
1138 706 1372 771 maritos,
1688 714 1738 752 15

216 775 502 830 Cornicum
539 777 814 829 inmeritas
853 777 987 829 eruit
1010 794 1187 846 ungue
1225 793 1408 845 genae,

145 846 528 916 consuluitque
566 849 758 916 striges
795 850 980 899 nostro
1020 847 1083 899 de
1122 847 1381 916 sanguine
1421 846 1474 897 et
1508 844 1566 896 in
1591 862 1674 895 me

215 917 580 987 Hippomanes
616 918 756 971 fetae
795 918 998 971 semina
1033 918 1166 987 legit
1203 935 1382 986 equae.

144 987 415 1042 Exorabat
451 1006 583 1057 opus
621 989 809 1057 verbis,
850 1007 945 1041 ceu
981 988 1176 1041 blanda
1212 989 1450 1056 pererrat

217 1058 572 1128 Saxosamque
607 1060 734 1112 terit
759 1059 941 1112 sedula
986 1058 1203 1127 lympha
1238 1059 1403 1110 viam:
1694 1067 1749 1106 20

149 1129 225 1184 ‘Si
261 1132 315 1182 te
350 1129 467 1182 an
503 1128 864 1182 Dorozantum
900 1130 1045 1182 iuvat
1081 1148 1240 1182 aurea
1275 1130 1407 1197 ripa,

218 1200 291 1253 Et
326 1218 460 1269 quae
497 1200 595 1253 sub
632 1201 791 1269 Tyria
828 1200 1030 1254 concha
1068 1200 1306 1269 superbit
1343 1217 1493 1268 aqua,

146 1271 510 1340 Eurypylique
547 1271 725 1340 placet
761 1270 901 1325 Coae
937 1273 1145 1324 textura
1182 1271 1452 1322 Minervae

220 1341 476 1411 Sectaque
514 1343 579 1394 ab
617 1342 863 1395 Attalicis
900 1342 1076 1411 putria
1113 1342 1267 1411 signa
1302 1341 1434 1393 toris
1445 1381 1460 1408 ,

149 1411 254 1467 Seu
289 1430 422 1481 quae
458 1412 766 1481 palmiferae
802 1414 1023 1466 mittunt
1059 1413 1264 1465 venalia
1301 1412 1537 1479 Thebae,
1697 1420 1750 1460 25

221 1482 539 1552 Murreaque
575 1483 632 1535 in
669 1482 879 1536 Parthis
916 1484 1107 1552 pocula
1146 1488 1294 1535 cocta
1331 1483 1479 1550 fociS,

151 1552 352 1623 Sperne
388 1553 572 1622 fidem,
612 1555 864 1623 provolve
902 1554 1055 1622 deOS,
1095 1554 1371 1606 mendacia
1407 1553 1647 1620 vincant,

218 1623 428 1694 Frange
466 1628 519 1676 et
556 1624 840 1677 damnosae
877 1625 992 1676 iura
1027 1625 1326 1694 pudicitiae.

148 1694 224 1749 Et
260 1694 532 1748 stimulare
568 1695 702 1747 iram
738 1695 967 1764 pretium
1003 1696 1156 1748 facit:
1195 1699 1342 1747 utere
1381 1693 1578 1748 causis:

220 1765 393 1818 Maior
427 1765 591 1818 dilata
626 1769 783 1818 nocte
819 1771 1054 1818 recurret
1089 1785 1249 1818 amor.
1699 1773 1756 1814 30

151 1835 210 1890 Si
243 1835 343 1888 tibi
378 1836 516 1888 forte
553 1854 730 1889 comas
767 1838 1033 1889 vexaverit
1068 1838 1215 1889 utilis
1254 1837 1332 1888 ira
1342 1878 1356 1904 ,

219 1905 352 1959 Post
386 1907 544 1960 modo
581 1910 814 1960 mercata
849 1925 978 1976 pace
1015 1907 1332 1976 premendus
1371 1907 1487 1959 erit.

151 1976 393 2046 Denique
429 1978 519 2030 ubi
557 1978 801 2047 amplexu
837 1977 1099 2030 Venerem
1135 1978 1439 2047 promiseris
1478 1979 1683 2046 empto,

221 2047 328 2101 Fac
366 2047 582 2101 simules
620 2065 780 2118 puros
818 2049 974 2101 Isidis
1014 2067 1127 2101 esse
1166 2050 1292 2101 dies.

150 2118 369 2188 Ingerat
404 2119 617 2188 Apriles
654 2118 766 2172 Iole
802 2119 926 2188 tibi,
964 2120 1155 2172 tundat
1190 2119 1412 2188 Amycle
1701 2127 1756 2168 35

221 2189 470 2242 Natalem
507 2188 643 2241 Mais
682 2189 860 2242 Idibus
898 2208 1013 2242 esse
1059 2193 1223 2243 tuum.

157 2259 229 2314 Su
270 2260 391 2328 plex
428 2259 518 2312 ille
557 2260 729 2313 sedet:
768 2261 941 2328 posita
975 2263 1034 2312 tu
1060 2262 1229 2313 scribe
1256 2260 1505 2313 cathedra

223 2279 518 2393 Quidlibet:
557 2330 652 2383 has
691 2333 829 2383 artes
868 2332 912 2383 si
949 2334 1107 2400 pavet
1141 2331 1246 2399 ille,
1284 2336 1448 2383 teneS.

155 2400 378 2469 Semper
413 2399 549 2453 habe
586 2419 792 2453 morsus
831 2402 968 2454 circa
1003 2404 1094 2454 tua
1131 2403 1264 2454 colla
1302 2404 1558 2471 recenteS,

226 2470 432 2524 Litibus
470 2472 689 2524 alternis
727 2489 859 2540 quos
896 2475 1047 2541 putet
1083 2491 1196 2525 esse
1234 2472 1402 2524 datos,
1702 2482 1759 2523 40

154 2541 268 2596 Nec
304 2545 358 2594 te
395 2540 612 2595 Medeae
650 2542 915 2595 delectent
949 2543 1143 2612 probra
1181 2543 1417 2612 sequacis

227 2611 457 2682 (Nempe
494 2613 617 2665 tulit
651 2613 836 2680 fastUS,
876 2631 1002 2666 ausa
1037 2632 1224 2683 rogare
1261 2614 1444 2682 prior),

157 2681 258 2736 Sed
295 2684 473 2752 potius
510 2683 693 2735 mundi
732 2683 892 2736 Thais
931 2684 1161 2754 pretiosa
1199 2684 1504 2753 Menandri,

228 2751 361 2807 Cum
399 2753 525 2806 ferit
562 2757 765 2806 astutos
805 2756 1006 2807 comica
1042 2754 1263 2807 moecha
1302 2754 1478 2808 Getas

157 2822 223 2877 In
260 2841 431 2876 mores
468 2827 522 2876 te
558 2828 703 2877 verte
739 2824 865 2877 viri:
905 2826 950 2878 si
988 2826 1192 2878 cantica
1227 2826 1414 2894 iactat,
1700 2835 1757 2876 45

225 2893 255 2947 1
291 2911 467 2948 comes
505 2897 560 2948 et
594 2912 750 2948 voces
789 2895 933 2949 ebria
968 2896 1130 2966 iunge
1167 2898 1301 2950 tuas·
