1936 3112
121 134 245 194 vn]
362 124 368 129 ’
804 137 983 182 LIBER
1018 138 1052 184 1.
1686 129 1717 184 7

121 267 197 324 Et
229 269 329 322 tibi
363 287 474 323 non
509 289 759 340 umquam
795 275 1006 325 nostros
1044 291 1173 341 puer
1209 272 1310 325 iste
1346 272 1554 324 labores

193 340 418 393 Adferat
453 343 506 393 et
541 341 772 394 lacrimis
810 344 988 395 omnia
1023 347 1152 395 nota
1188 343 1334 395 meiS.

122 410 211 464 Me
249 410 378 479 sine,
418 429 572 480 quem
610 430 816 481 semper
852 414 1020 465 voluit
1054 414 1268 465 fortuna
1302 414 1486 480 iacere,
1664 418 1721 461 25

191 480 346 534 Hanc
383 482 615 535 animam
653 487 914 536 extremae
950 483 1166 537 reddere
1203 484 1483 552 nequitiae.

121 551 280 605 Multi
316 552 610 622 longinquo
647 554 850 622 periere
886 555 943 606 in
981 572 1158 606 amore
1195 554 1435 621 libenter,

191 621 258 675 In
293 640 514 692 quorum
550 642 768 677 numero
806 643 891 677 me
928 642 1134 693 quoque
1171 627 1312 676 terra
1346 625 1509 693 tegat.

122 691 250 747 Non
286 710 386 764 ego
426 712 542 746 sum
580 694 736 761 laudi,
775 713 884 747 non
921 698 1075 747 natus
1112 695 1332 747 idoneus
1370 695 1556 746 armis:

192 762 347 816 Hanc
383 782 468 817 me
504 765 749 817 militiam
786 766 896 817 fata
933 766 1107 818 subire
1144 765 1344 818 volunt.
1663 771 1721 814 30

122 835 199 886 At
231 836 291 886 tu
328 850 421 887 seu
457 835 633 887 mollis
672 853 774 904 qua
808 835 980 888 tendit
1015 835 1169 887 Ionia
1205 853 1296 888 seu
1334 853 1436 904 qua

192 903 360 974 Lydia
394 904 601 958 Pactoli
636 906 800 975 tingit
837 909 981 958 arata
1018 906 1205 975 liquor,

125 974 243 1029 Seu.
263 975 487 1044 pedibus
524 979 692 1028 terras
730 995 821 1028 seu
857 979 1079 1046 pontum
1118 994 1331 1045 carpere
1367 975 1526 1028 remis

194 1044 320 1115 Ibis,
357 1048 418 1099 ut
454 1047 658 1116 accepti
695 1064 809 1099 sors
847 1048 947 1099 erit
983 1047 1216 1115 imperii:

125 1115 261 1169 Tum
296 1116 396 1169 tibi
433 1118 585 1186 siqua
621 1117 725 1169 mei
763 1119 938 1170 veniet
973 1136 1083 1169 non
1119 1118 1380 1170 inmemor
1414 1115 1561 1187 hora,
1668 1125 1722 1164 35

194 1186 386 1240 Vivere
423 1206 507 1240 me
546 1187 674 1240 duro
714 1188 881 1240 sidere
920 1191 1091 1241 certus
1130 1189 1247 1241 eris,

860 1366 991 1427 VH.

123 1435 268 1522 Dum
303 1468 403 1521 tibi
440 1467 698 1522 Cadmeae
736 1469 995 1537 dicuntur,
1036 1469 1273 1538 Pontice,
1310 1469 1523 1522 Thebae

196 1540 464 1608 Armaque
500 1540 764 1592 fraternae
801 1540 974 1592 tristia
1011 1540 1245 1608 militiae,

126 1611 320 1679 Atque,
360 1611 434 1662 ita
460 1610 570 1663 sim
605 1610 749 1679 felix,
787 1611 958 1679 primo
998 1611 1271 1663 contendis
1309 1609 1559 1679 Homero,

197 1679 318 1735 Sint
352 1680 510 1733 modo
549 1681 660 1733 fata
694 1681 799 1733 tuis
835 1681 1019 1733 mollia
1056 1681 1401 1734 carminibus:

125 1751 256 1820 Nos,
295 1753 356 1803 ut
392 1769 721 1820 consuemUS,
759 1754 970 1804 nostros
1009 1752 1270 1821 agitamus
1307 1769 1513 1805 amores
1698 1761 1725 1803 5

195 1823 373 1891 Atque
412 1822 612 1891 aliquid
649 1822 832 1874 duram
870 1823 1173 1891 quaerimus
1206 1823 1261 1874 in
1298 1822 1592 1893 dominam3

124 1893 240 1947 Nec
276 1895 483 1945 tantum
522 1893 754 1963 ingenio,
794 1896 1048 1961 quantum
1085 1893 1279 1946 servire
1317 1893 1486 1946 dolori

197 1962 377 2034 Cogor
413 1966 467 2016 et
503 1963 691 2016 aetatis
726 1967 966 2032 tempora
1003 1964 1134 2015 dura
1170 1963 1331 2033 queri.

125 2033 229 2087 Hic
263 2033 397 2086 mihi
436 2034 724 2086 conteritur
747 2034 885 2086 vitae
910 2034 1113 2103 moduS,
1153 2034 1282 2087 haec
1307 2053 1424 2087 mea
1448 2034 1655 2104 famast,

198 2103 340 2158 Hinc
379 2105 533 2173 cupio
570 2122 767 2157 nomen
805 2105 1052 2157 carminis
1089 2106 1165 2157 ire
1201 2105 1321 2157 mei.
1673 2115 1728 2156 10

125 2175 214 2228 Me
250 2175 468 2228 laudent
503 2175 688 2228 doctae
726 2175 897 2228 solum
933 2175 1196 2244 placuisse
1232 2176 1455 2244 puellae,

196 2245 434 2314 Pontice,
473 2249 527 2298 et
561 2245 785 2298 iniustas
823 2263 980 2314 saepe
1017 2246 1204 2299 tulisse
1240 2246 1437 2298 minas:

126 2315 214 2369 Me
251 2316 397 2386 legat
432 2315 648 2369 adsidue
684 2319 808 2386 post
843 2315 970 2369 haee
1008 2317 1282 2386 neglectus
1321 2319 1538 2387 amator,

75 2405 78 2407 ’
195 2386 269 2440 Et
303 2387 513 2456 prosint
547 2387 638 2439 illi'
663 2387 879 2456 cognita
914 2390 1096 2439 nostra
1131 2387 1283 2440 mala.
1383 2446 1387 2450 ⁵

127 2457 202 2511 Te
238 2475 446 2527 quoque
484 2457 530 2510 si
567 2459 708 2510 certo
745 2475 875 2527 puer
910 2456 998 2510 hic
1037 2459 1360 2511 concusserit
1394 2476 1535 2527 arcu,
1674 2468 1727 2510 15

198 2527 314 2591 Quo
349 2528 517 2580 nolim
554 2531 766 2580 nostros
802 2530 855 2580 te
891 2528 1116 2582 violasse
1154 2528 1295 2597 deOS,

126 2598 312 2670 Longe
350 2601 524 2652 castra
557 2598 672 2667 tibi,
710 2598 869 2668 longe
906 2599 1066 2651 miser
1102 2600 1314 2669 agmina
1351 2605 1554 2669 septem

197 2668 375 2723 Flebis
411 2670 469 2722 in
505 2672 721 2722 aeterno
759 2669 916 2722 surda
951 2671 1120 2738 iacere
1158 2672 1278 2739 situ,

127 2739 202 2793 Et
234 2740 433 2794 frastra
469 2740 648 2810 cupies
685 2740 901 2793 mollem
938 2757 1236 2809 conponere
1274 2759 1497 2810 versum,

199 2809 312 2864 Nec
347 2811 446 2864 tibi
485 2811 708 2864 subiciet
745 2812 978 2863 carmina
1014 2829 1159 2864 serus
1197 2813 1376 2865 Amor.

129 2881 265 2934 Tum
300 2901 385 2935 me
421 2900 530 2934 non
567 2882 819 2935 humilem
855 2882 1114 2935 mirabere
1151 2901 1305 2952 saepe
1340 2886 1569 2955 poetam,
