1936 3112
229 158 245 205 1
258 155 290 206 4
854 160 1172 205 PROPERTII
1641 159 1803 218 [XIIII.

395 296 466 347 Et
502 296 657 348 modo
694 298 804 347 tam
840 295 1018 347 tardas
1055 295 1267 347 funibus
1303 295 1378 348 ire
1414 297 1576 363 rateS,

279 375 305 415 5
330 365 402 416 Et
437 384 620 418 nemus
657 366 796 418 unde
835 368 975 417 satas
1011 365 1253 417 intendat
1287 365 1480 418 vertice
1517 365 1700 434 silvas,

395 435 627 505 Vrgetur
664 436 871 503 quantis
910 435 1173 488 Caucasus
1210 435 1506 488 arboribus:

324 505 449 558 Non
485 509 663 557 tamen
699 509 801 557 ista
838 523 955 557 meo
991 505 1201 557 valeant
1236 505 1551 558 contendere
1587 505 1779 558 amori:

397 575 582 628 Nescit
619 578 784 628 Amor
819 575 1028 644 magnis
1066 575 1247 627 cedere
1284 575 1494 628 divitiis,

323 645 462 698 Nam
500 646 607 698 sive
646 648 878 714 optatam
915 662 1120 697 mecum
1154 644 1321 697 trahit
1355 645 1447 697 illa
1481 645 1733 714 quietem,

246 727 297 765 10
393 715 494 768 Seu
531 716 674 767 facili
709 718 881 767 totum
915 715 1058 767 ducit
1093 732 1270 767 amore
1306 715 1469 783 diem,

324 786 456 837 Tum
493 786 623 837 mihi
659 785 863 837 Pactoli
897 785 1116 837 veniunt
1151 785 1247 837 sub
1283 787 1422 838 tecta
1458 785 1710 854 liquoreS,

397 856 470 907 Et
504 856 697 923 legitur
731 856 903 907 rubris
940 873 1149 924 gemma
1185 855 1281 907 sub
1319 855 1654 924 aequoribus:

327 925 460 977 Tum
498 925 627 977 mihi
666 943 904 977 cessuros
943 925 1207 994 spondent
1240 943 1357 977 mea
1400 925 1593 1005 gaudia
1626 943 1802 994 reges:

395 996 537 1057 Quae
573 998 847 1063 maneant,
885 995 1009 1047 dum
1045 1013 1129 1048 me
1164 996 1275 1047 fata
1308 1013 1479 1063 penre
1515 995 1708 1048 volent.

246 1076 296 1114 15
322 1065 459 1117 Nam
497 1066 611 1134 quis
650 1065 846 1117 divitiis
883 1066 1099 1117 adverso
1137 1065 1333 1135 gaudet
1366 1064 1599 1117 Amore?

394 1136 556 1188 Nulla
589 1135 720 1187 mihi
755 1136 895 1187 tristi
930 1135 1164 1203 praemia
1199 1136 1308 1188 sint
1341 1134 1561 1188 Venere.

326 1205 426 1257 Illa
462 1208 639 1274 potest
674 1224 892 1274 magnas
930 1205 1149 1258 heroum
1184 1205 1474 1274 infringere
1510 1205 1674 1272 vireS,

394 1276 492 1328 Illa
530 1276 686 1328 etiam
725 1275 866 1327 duris
903 1276 1166 1328 mentibus
1204 1293 1318 1328 esse
1355 1275 1517 1328 dolor.

323 1346 424 1398 Illa
461 1364 628 1414 neque
665 1346 921 1398 Arabium
958 1346 1147 1398 metuit
1183 1345 1547 1398 transcendere
1583 1345 1768 1414 limen,

243 1428 297 1466 20
390 1416 441 1469 N
445 1434 503 1468 ec
539 1417 691 1468 timet
727 1416 952 1482 ostrino,
991 1416 1167 1482 Tulle,
1209 1416 1382 1468 subire
1417 1418 1536 1468 toro

322 1487 396 1539 Et
430 1487 679 1538 miserum
715 1489 828 1538 toto
866 1486 1103 1538 iuvenem
1143 1503 1349 1538 versare
1385 1485 1568 1538 cubili:

398 1557 535 1618 Quid
571 1557 808 1609 relevant
842 1557 999 1608 variis
1038 1556 1204 1608 serica
1236 1555 1541 1608 textilibus?

325 1626 468 1689 Quae
501 1625 632 1678 mihi
668 1627 788 1679 dum
827 1627 1034 1694 placata
1070 1626 1262 1691 aderit,
1299 1643 1409 1677 non
1443 1626 1552 1677 ulla
1586 1625 1804 1678 verebor

396 1697 584 1766 Regna
620 1699 710 1748 aut
747 1696 958 1748 Alcinoi
994 1714 1213 1748 munera
1248 1695 1528 1763 despicere.

922 1889 924 1891 ’
951 1874 1080 1935 XV.

326 1978 492 2047 Saepe
530 1995 627 2047 ego
667 1977 830 2028 multa
865 1980 984 2028 tuae
1021 1977 1250 2029 levitatis
1288 1976 1417 2028 dura
1451 1975 1716 2044 timebam,

396 2048 512 2100 Hac
549 2052 729 2100 tamen
766 2050 1008 2115 excepta,
1049 2045 1301 2115 Cynthia,
1339 2047 1570 2115 perfidia.

326 2119 523 2187 Aspice
561 2136 644 2169 me
682 2120 877 2185 quanto
914 2117 1085 2185 rapiat
1118 2117 1331 2168 fortuna
1365 2116 1586 2184 periclo:

396 2188 475 2240 Tu
512 2191 691 2239 tamen
726 2188 783 2238 in
823 2189 1004 2239 nostro
1042 2187 1186 2238 lenta
1219 2187 1409 2239 timore
1445 2186 1616 2252 veniS,

278 2269 304 2309 5
328 2258 401 2310 Et
436 2261 586 2325 potes
622 2257 898 2309 hesternos
935 2257 1177 2308 manibus
1214 2274 1510 2324 conponere
1547 2256 1716 2308 crines

394 2329 467 2381 Et
502 2329 665 2397 longa
699 2327 890 2379 faciem
927 2344 1172 2394 quaerere
1209 2326 1430 2393 desidia,

326 2398 441 2451 Nec
477 2399 651 2449 minus
687 2397 815 2449 Eois
852 2400 1034 2465 pectus
1071 2396 1270 2447 variare
1306 2395 1517 2464 lapillis,

395 2469 469 2519 Vt
503 2468 738 2519 formosa
772 2484 909 2518 novo
949 2484 1078 2534 quae
1114 2468 1267 2534 parat
1301 2466 1376 2517 ire
1413 2466 1542 2518 viro,

329 2540 404 2590 At
439 2555 548 2589 non
586 2537 660 2589 sic
696 2536 866 2588 Ithaci
903 2536 1139 2604 digressu
1174 2537 1319 2587 mota
1356 2533 1583 2603 Calypso

246 2619 299 2659 10
394 2607 629 2659 Desertis
667 2607 791 2658 olim
827 2606 1041 2657 fleverat
1076 2605 1410 2673 aequoribus:

326 2678 523 2729 Multos
561 2677 654 2727 illa
690 2676 799 2728 dies
836 2676 1118 2743 incomptis
1154 2677 1356 2726 maesta
1391 2674 1594 2742 capillis

400 2747 638 2813 Sederat,
676 2746 870 2797 iniusto
908 2745 1075 2796 multa
1110 2745 1287 2797 locuta
1322 2745 1457 2811 salo,

326 2817 397 2869 Et
434 2817 670 2884 quamvis
705 2833 989 2882 numquam
1022 2817 1144 2882 post
1175 2814 1303 2866 haec
1326 2815 1500 2865 visura
1523 2813 1735 2866 dolebat

397 2887 498 2939 Illa
532 2889 712 2938 tamen
748 2886 940 2954 longae
978 2884 1187 2937 conscia
1222 2883 1466 2937 laetitiae.
