1936 3112
215 126 285 179 48
848 131 1166 176 PROPERTH
1608 129 1814 190 [xvnn.

392 268 488 321 Ille
525 271 645 321 tuus
682 286 884 337 pennas
921 270 1030 319 tam
1067 267 1172 320 cito
1208 267 1367 320 vertit
1402 267 1584 320 amor?

789 339 817 370 a:
1196 338 1225 369 ae

323 408 624 462 Contendat
658 427 863 461 mecum
901 377 1142 478 ing’gnio,
1181 408 1466 461 contendat
1501 411 1555 461 et
1589 411 1724 477 arte,

390 479 455 531 In
490 479 674 547 primis
711 497 819 530 una
855 479 1021 531 discat
1057 497 1229 531 amare
1265 479 1447 531 domo:

321 549 377 602 Si
402 550 610 601 libitum
634 549 731 601 tibi
758 550 880 617 erit,
906 549 1162 601 Lernaeas
1187 552 1390 619 pugnet
1412 550 1479 601 ad
1502 548 1694 617 hydras
1746 559 1800 600 25

242 630 293 669 10
386 620 459 671 Et
494 620 592 671 tibi
629 620 694 671 ab
732 619 989 687 Hesperio
1026 619 1164 671 mala
1200 620 1423 672 dracone
1455 620 1614 688 ferat,

319 690 466 741 Trita
501 708 703 742 venena
738 690 909 742 libens
948 693 1000 741 et
1034 690 1320 759 naufragus
1358 690 1535 742 ebibat
1567 689 1734 742 undas

388 760 460 811 Et
494 778 780 828 numquam
816 777 911 828 pro
949 762 1002 812 te
1041 759 1265 829 deneget
1301 778 1413 812 esse
1449 760 1609 812 miser

320 829 484 896 (Quos
510 831 713 882 utinam
738 830 795 881 in
818 830 989 898 nobiS‚
1017 830 1140 897 vita,
1167 831 1431 898 experiare
1455 830 1660 882 labores
1675 831 1739 901 !):

387 899 499 952 Iam
535 900 633 952 tibi
670 900 733 952 de
768 900 966 952 timidis
1004 899 1105 952 iste
1142 900 1395 968 superbus
1431 901 1552 968 erit,
1745 910 1800 950 30

239 980 289 1018 15
317 970 417 1030 Qui
441 988 582 1022 nunc
608 989 663 1022 se
689 971 746 1022 in
770 970 1028 1022 tumidum
1053 970 1294 1022 iactando
1320 971 1466 1022 venit
1483 970 1762 1022 honorem:

387 1039 680 1092 Discidium
716 1041 866 1092 vobis
902 1041 1172 1108 proximus
1209 1059 1376 1092 annus
1413 1041 1530 1093 erit.

316 1110 391 1160 At
426 1129 510 1162 me
546 1129 655 1162 non
693 1113 834 1162 aetas
872 1111 1098 1162 mutabit
1131 1112 1246 1162 tota
1282 1110 1537 1178 Sibyllae,

387 1179 511 1231 Non
546 1181 697 1232 labor
732 1180 974 1248 Alcidae,
1011 1198 1121 1232 non
1156 1181 1310 1250 niger
1346 1181 1435 1233 ille
1473 1180 1600 1236 dies,

316 1249 395 1300 Tu
432 1269 550 1302 mea
585 1268 852 1319 conpones
890 1254 943 1302 et
980 1251 1119 1303 dices
1157 1257 1331 1317 ε0883,
1371 1250 1640 1319 Properti,
1743 1261 1797 1302 35

234 1330 289 1368 20
384 1320 530 1373 Haec
565 1323 656 1372 tua
692 1323 838 1372 sunt:
879 1320 1011 1372 eheu
1046 1323 1105 1372 tu
1140 1320 1272 1372 mihi
1309 1323 1480 1373 certus
1517 1339 1655 1390 0138,

318 1388 503 1442 Certus
541 1409 655 1443 eras
693 1390 849 1457 eheu,
889 1391 1124 1459 quamvis
1160 1409 1259 1443 nec
1295 1391 1551 1460 sanguine
1588 1392 1726 1444 avito

386 1460 595 1512 Nobilis
633 1463 686 1513 et
722 1462 957 1528 quamvis
992 1460 1122 1512 haut
1157 1461 1232 1512 ita
1267 1461 1411 1513 dives
1448 1467 1598 1514 eras?

314 1529 367 1582 Ν
370 1530 530 1600 11’ος0
556 1549 664 1585 non
691 1531 882 1599 patiar,
908 1549 1193 1599 numquam
1216 1550 1300 1584 me
1322 1531 1512 1583 iniuria
1534 1534 1726 1584 mutat:

385 1600 541 1653 Ferre
567 1619 665 1671 ego
691 1602 978 1652 formosam
1002 1601 1206 1652 nullum
1231 1619 1363 1653 onus
1389 1619 1502 1654 esse
1526 1605 1669 1670 puto,
1741 1612 1796 1652 40

233 1680 287 1719 25
315 1669 483 1723 Credo
523 1689 621 1741 ego
658 1689 768 1723 non
804 1689 998 1739 paucos
1035 1672 1137 1723 ista
1171 1672 1388 1739 periisse
1423 1672 1614 1741 figura,

386 1740 554 1793 Credo
593 1759 693 1810 ego
732 1742 822 1793 sed
858 1742 1053 1793 multos
1089 1760 1197 1793 11011
1232 1741 1477 1794 habuisse
1512 1741 1684 1794 fidem.

313 1808 482 1862 Parvo
520 1811 702 1863 dilexit
737 1811 907 1879 spatio
937 1811 1172 1863 Minoida
1208 1811 1436 1863 Theseus
1446 1852 1460 1879 ,

383 1879 627 1949 Phyllida
651 1881 1024 1949 Demophoon,
1051 1881 1242 1949 hospes
1267 1885 1484 1950 uterque
1507 1882 1690 1934 11131118.

313 1950 424 2002 13111
461 1952 560 2003 tibi
596 1951 808 2004 Iasonia
842 1954 1021 2004 notast
1057 1951 1241 2003 Medea
1277 1953 1455 2004 carina
1739 1962 1793 2002 45

232 2030 300 2069 30·
383 2021 455 2072 Et
490 2022 645 2073 modo
685 2024 888 2073 servato
928 2023 1040 2073 sola
1074 2022 1261 2074 relicta
1295 2022 1423 2074 viro.

314 2090 532 2159 Durast,
569 2110 700 2160 quae
725 2092 905 2143 multis
931 2092 1231 2143 simulatum
1254 2092 1411 2161 fingit
1434 2110 1688 2161 amorem,

383 2161 456 2212 Et
492 2180 547 2214 se
582 2162 700 2230 plus
736 2162 829 2213 uni
865 2162 1014 2230 siqua
1050 2180 1234 2230 parare
1269 2165 1457 2231 potest.

313 2229 440 2282 Noli
476 2232 767 2298 nobilibus,
804 2232 915 2283 noli
953 2232 1189 2284 conferre
1226 2233 1416 2284 beatis:
1553 2268 1580 2284 x

383 2300 487 2352 Vix
522 2302 689 2368 venit,
728 2304 959 2353 extremo
997 2302 1086 2369 qui
1122 2302 1266 2371 legat
1302 2319 1420 2354 ossa
1456 2302 1563 2368 die3
1736 2312 1793 2355 50

231 2379 284 2419 35
310 2370 380 2422 Ni
409 2371 504 2422 tibi
528 2389 626 2423 nos
653 2372 868 2423 erimus:
896 2371 987 2423 sed
1010 2375 1069 2422 tu
1094 2373 1269 2439 potius
1295 2389 1480 2440 precor
1503 2375 1562 2424 ut
1585 2390 1669 2426 me

386 2440 639 2492 Demissis
676 2441 897 2510 plangas
934 2444 1148 2512 pectora
1188 2442 1328 2493 nuda
1362 2442 1541 2496 comis,

803 2620 915 2678 XX
963 2620 1192 2695 [XXVJ.

313 2717 484 2772 Vnica
519 2723 645 2772 nata
681 2739 798 2772 meo
836 2721 1186 2789 pulcherrima
1223 2740 1345 2773 cura
1381 2721 1574 2786 dolori,

384 2790 631 2842 Excludit
667 2791 914 2858 quoniam
953 2808 1065 2843 sors
1101 2808 1218 2843 mea
1255 2795 1435 2859 ‘saepe
1471 2791 1639 2862 veni',

314 2856 423 2912 Ista
459 2861 589 2912 meis
626 2861 716 2912 fiet
749 2860 1028 2912 notissima
1062 2860 1232 2912 forma
1267 2861 1484 2930 libellis,
