1936 3112
305 510 603 628 SEX.
667 547 1423 630 PROPERTII

622 702 1136 765 ELEGIARVM

557 858 794 907 LIBER
841 861 1192 909 TERTIVS.
1565 853 1673 928 [IL]

779 1043 809 1102 1
853 1043 978 1120 [XJ.

81 1136 193 1204 Sed
230 1151 441 1220 tempus
478 1151 702 1204 lustrare
740 1152 857 1204 aliis
894 1151 1154 1205 Helicona
1192 1152 1424 1222 choreiS‚

150 1219 223 1272 Et
258 1238 500 1290 campum
537 1221 786 1274 Emathio
824 1223 930 1275 iam
966 1222 1088 1275 dare
1123 1226 1333 1292 tempus
1372 1241 1522 1293 equo,

81 1290 194 1341 Iam
231 1290 362 1344 libet
398 1294 451 1344 et
486 1291 651 1344 fortes
687 1310 978 1346 memorare
1015 1293 1080 1345 ad
1116 1295 1316 1362 proelia
1350 1296 1549 1346 turmas

150 1359 224 1412 Et
257 1361 499 1414 Romana
534 1362 639 1415 mei
676 1363 847 1416 dicere
885 1367 1056 1416 castra
1092 1364 1256 1417 ducis,

81 1429 235 1492 Quod
273 1431 318 1483 si
354 1431 600 1484 deficiant
634 1433 797 1502 vireS,
836 1434 1053 1486 audacia
1090 1438 1229 1487 certe
1648 1444 1675 1485 5

141 1499 288 1554 'Laus
325 1502 450 1555 erit:
487 1503 545 1554 in
581 1521 669 1555 ma
753 1504 793 1556 ‘s
832 1507 885 1557 et
921 1505 1148 1557 voluisse
1187 1507 1268 1557 sat
1305 1508 1400 1558 est.

82 1571 245 1624 Aetas
281 1573 453 1641 prima
489 1576 644 1626 canat
671 1522 935 1642 &cinerem
976 1578 1207 1628 extrema
1241 1577 1511 1629 tumultus,

151 1640 303 1694 Bella
338 1660 552 1710 canam,
593 1644 802 1712 quando
841 1645 1036 1714 scripta
1071 1647 1248 1714 puella
1282 1649 1464 1699 meast.

81 1710 240 1765 Nunc
275 1713 396 1766 volo
434 1713 690 1767 subducto
727 1716 939 1784 gravior
974 1717 1254 1784 procedere
1292 1718 1464 1785 voltu,

151 1781 310 1837 Nunc
346 1783 505 1837 aliam
542 1784 797 1838 citharam
834 1805 918 1838 me
954 1805 1074 1839 mea
1110 1787 1262 1839 Musa
1298 1787 1465 1840 docet.
1624 1800 1676 1838 10

82 1851 266 1922 Surge,
293 1854 484 1922 anima,
511 1872 575 1908 ex
597 1854 788 1908 humili
811 1857 920 1908 iam
945 1858 1190 1922 carmine,
1219 1859 1408 1910 sumite
1435 1859 1588 1928 vireS,

151 1923 408 1978 Pierides:
445 1943 534 1978 ma
611 1925 631 1978 i
665 1944 808 1980 nunc
845 1928 945 1979 erit
981 1928 1086 1980 oris
1125 1946 1270 1997 opus,

82 1993 196 2047 Iam
229 1997 395 2065 negat
428 1995 549 2065 Eup
617 1999 727 2050 ates
765 1998 995 2066 equitem
1030 2001 1151 2067 post
1184 2002 1335 2068 terga
1369 1999 1505 2051 tueri

152 2063 468 2119 Parthorum
506 2069 560 2119 et
595 2066 815 2121 Crassos
853 2087 908 2121 se
942 2069 1175 2122 tenuisse
1212 2069 1378 2122 dolet:

82 2133 236 2188 India
271 2136 423 2204 quin,
459 2137 726 2207 Auguste,
762 2140 854 2191 tuo
893 2139 986 2191 dat
1022 2140 1158 2192 colla
1193 2139 1484 2209 triumpho,
1624 2150 1676 2191 15

151 2205 226 2258 Et
261 2205 448 2260 domus
469 2207 713 2261 'intactae
748 2210 802 2261 te
837 2209 1019 2261 tremit
1053 2211 1310 2263 Arabiae:

82 2275 155 2328 Et
190 2276 340 2345 siqua
375 2277 623 2331 extremis
658 2279 818 2331 tellus
855 2297 910 2332 se
947 2280 1210 2332 subtrahit
1246 2281 1377 2348 oris,

154 2345 360 2400 Sentiet
392 2347 486 2400 illa
519 2350 640 2401 tuas
676 2350 957 2418 postmodo
996 2353 1149 2419 capta
1184 2370 1386 2404 manuS.

85 2416 231 2470 Haec
266 2435 367 2487 ego
405 2420 578 2471 castra
613 2437 827 2488 sequar:
866 2423 1010 2473 vates
1045 2423 1137 2473 tua
1174 2424 1346 2474 castra
1382 2421 1617 2476 canendo

155 2487 384 2558 Magnus
422 2506 536 2542 ero:
575 2493 785 2542 servent
819 2489 962 2543 hunc
997 2490 1130 2543 mihi
1165 2492 1275 2544 fata
1313 2492 1474 2546 diem!
1623 2505 1678 2544 20

282 2595 286 2598 ,
659 2576 684 2599 Se

1066 2575 1095 2607 ἧς

861 2615 889 2645 ss

85 2656 159 2709 Vt
194 2660 353 2726 caput
388 2657 445 2710 in
480 2659 690 2729 magnis
726 2659 818 2712 ubi
854 2678 964 2711 non
1002 2662 1081 2712 est
1116 2663 1333 2730 tangere
1371 2662 1563 2732 signiS,

95 2760 97 2763 -
154 2726 376 2780 Ponitur
411 2727 499 2781 hic
534 2729 670 2782 imos
708 2732 830 2782 ante
867 2748 1064 2783 corona
1098 2731 1280 2800 pedeS,

88 2796 174 2850 Sic
209 2814 308 2850 nos
344 2816 504 2867 nunc,
543 2800 728 2869 inopes
765 2800 934 2852 laudis
974 2802 1324 2855 conscendere
1363 2803 1596 2873 culmen,

155 2866 479 2938 Pauperibus
508 2870 677 2922 sacris
714 2871 838 2923 vilia
872 2873 991 2924 tura
1028 2871 1229 2925 damus,

170 2953 418 2986 Pnornms.
1400 2961 1428 3002 3
