1936 3112
193 138 263 190 24
830 146 1146 191 PROPERTH
1724 146 1780 206 [l.

370 279 638 348 Senserat,
677 281 774 332 hac
811 282 925 350 ipsa
963 281 1173 350 cuspide
1211 281 1376 334 sensit
1411 299 1578 350 opem.

217 359 270 398 65
297 349 414 402 Hoc
452 350 613 418 siquis
651 351 836 403 vitium
872 352 1067 419 poterit
1102 350 1232 403 mihi
1268 352 1496 419 demere,
1534 351 1676 403 solus

366 419 646 472 Tantaleae
680 422 876 489 poterit
909 421 1114 473 tradere
1149 439 1307 490 poma
1342 440 1524 474 manu:

298 489 453 541 Dolia
488 490 739 559 virgineis
776 492 915 543 idem
950 492 1039 544 ille
1074 492 1353 559 repleverit
1386 491 1585 544 umbris
1596 493 1626 561 ‚J

365 559 447 611 Ne
482 562 663 611 tenera
698 561 914 613 adsidua
950 561 1085 613 colla
1120 564 1402 631 graventur
1437 579 1595 630 aqua:

295 629 443 681 Idem
479 629 730 682 Caucasia
766 631 934 683 solvet
967 632 1029 683 de
1065 650 1193 699 rupe
1227 631 1526 684 Promethei

215 709 268 748 70
364 699 588 751 Brachia
625 703 678 752 et
714 720 744 752 a
778 701 950 753 medio
987 704 1199 769 pectore
1235 702 1398 770 pellet
1433 720 1597 754 avem.

298 768 742 838 Quandocumque
779 771 942 840 igitur
978 771 1139 823 vitam
1174 790 1291 824 mea
1324 772 1433 824 fata
1466 774 1746 840 reposcent

365 839 436 891 Et
472 840 627 892 breve
663 841 721 892 in
757 842 947 910 exiguo
984 859 1244 893 marmore
1280 859 1475 894 nomen
1512 859 1625 910 er0,

294 908 597 977 MaecenaS,
634 913 845 963 nostrae
881 929 1002 980 pars
1039 911 1298 963 invidiosa
1332 911 1600 980 iuventae,

364 979 435 1030 Et
470 980 608 1032 vitae
647 983 700 1032 et
734 982 892 1032 morti
928 982 1100 1050 gloria
1135 982 1273 1033 iusta
1307 1000 1476 1050 meae,

214 1059 266 1098 75
295 1048 349 1101 Si
386 1052 438 1100 te
475 1050 611 1102 forte
648 1069 765 1103 meo
804 1051 960 1103 ducet
994 1052 1078 1103 via
1113 1052 1352 1119 proxima
1386 1052 1566 1120 busto,

365 1119 566 1171 Esseda
604 1121 816 1173 caelatis
854 1121 980 1173 siste
1017 1121 1275 1174 Britanna
1310 1122 1447 1191 iugis
1458 1163 1473 1190 ,

296 1188 543 1257 Taliaque
579 1190 917 1243 inlacrimans
955 1194 1129 1243 mutae
1166 1193 1276 1244 iace
1312 1192 1471 1244 verba
1505 1192 1740 1245 favillae:

368 1259 533 1312 ‘Huic
569 1261 760 1313 misero
797 1262 964 1314 fatum
1002 1262 1130 1313 dura
1166 1263 1340 1330 puella
1377 1261 1514 1315 fuit?

941 1406 1016 1465 ΙΙ.

294 1498 451 1550 Liber
488 1517 629 1551 eram
667 1502 720 1551 et
755 1518 915 1552 vacuo
953 1500 1246 1552 meditabar
1281 1500 1454 1553 vivere
1491 1501 1627 1554 lecto
1637 1540 1654 1570 ,

366 1570 440 1620 At
475 1588 559 1621 me
597 1570 873 1638 conposita
908 1589 1035 1638 pace
1071 1571 1262 1622 fefellit
1296 1570 1477 1623 Amor.

296 1637 402 1691 Cur
437 1638 566 1691 haec
601 1639 659 1690 in
694 1640 847 1691 terris
884 1641 1044 1692 facies
1080 1640 1309 1692 humana
1343 1640 1612 1693 moratur?

366 1708 627 1777 Iuppiter,
665 1710 853 1779 ignoro
890 1710 1116 1778 pristina
1151 1710 1292 1762 furta
1326 1713 1432 1763 tua.

247 1789 273 1828 5
300 1777 466 1830 Fulva
491 1782 691 1831 comast
714 1780 1008 1849 longaeque
1032 1799 1241 1848 manUS,
1279 1783 1332 1832 et
1354 1781 1581 1832 maxima
1602 1782 1716 1833 toto

368 1848 627 1917 Corpore,
668 1853 721 1901 et
755 1850 954 1902 incedit
989 1851 1071 1902 vel
1107 1850 1230 1902 Iove
1268 1850 1429 1920 digna
1465 1868 1634 1918 soror,

295 1918 406 1970 Aut
443 1936 559 1970 cum
597 1918 892 1971 Munichias
929 1920 1102 1972 Pallas
1139 1921 1393 1989 spatiatur
1429 1921 1494 1972 ad
1530 1938 1644 1972 aras
1653 1961 1668 1988 ,

366 1988 632 2057 Gorgonis
670 1990 970 2058 anguiferae
1007 1992 1189 2058 pectus
1227 1994 1409 2059 operta
1445 1990 1623 2043 comis.

297 2057 476 2119 Qualis
515 2061 567 2110 et
603 2058 943 2111 Ischomache
980 2059 1234 2128 Lapithae
1270 2078 1436 2130 genus
1473 2060 1714 2129 heroine,

215 2138 267 2176 10
364 2127 639 2181 Centauris
676 2129 848 2181 medio
886 2133 1039 2199 grata
1074 2130 1258 2198 rapina
1292 2148 1436 2182 mero
1446 2172 1460 2198 ,

294 2197 656 2266 Mercurioque
694 2199 808 2251 Sais
843 2199 1010 2251 fertur
1046 2199 1341 2252 Boebeidos
1377 2200 1533 2254 undis

363 2267 674 2337 Virgineum
710 2269 890 2321 Brimo
929 2270 1268 2338 conposuisse
1304 2271 1455 2322 latus

295 2337 477 2390 Cedite
513 2339 650 2406 iam,
690 2339 863 2407 divae,
903 2357 1030 2408 quas
1066 2343 1247 2408 pastor
1279 2340 1482 2393 viderat
1518 2341 1644 2393 olim

361 2407 532 2459 Idaeis
568 2409 771 2460 tunicas
808 2427 1003 2477 ponere
1039 2410 1336 2463 verticibus,

212 2487 264 2527 15
291 2475 443 2529 Hanc
479 2478 681 2530 utinam
717 2479 904 2531 faciem
939 2480 1076 2531 nolit
1111 2483 1311 2532 mutare
1349 2483 1588 2532 senectus
1598 2520 1614 2549 ,

360 2547 480 2599 Etsi
519 2547 773 2601 Cumaeae
811 2550 1015 2601 saecula
1050 2550 1184 2601 vatis
1223 2552 1357 2620 aget.

922 2706 1026 2767 ΙΠ.

293 2798 394 2860 Qui
429 2800 628 2851 nullam
663 2800 763 2851 tibi
800 2801 1006 2852 dicebas
1045 2801 1151 2853 iam
1187 2818 1340 2868 posse
1375 2819 1591 2871 nocere,

361 2868 617 2939 Haesisti,
658 2870 845 2922 cecidit
882 2871 1095 2939 spiritus
1132 2872 1221 2924 ille
1256 2873 1392 2924 tuus·
