1936 3112
132 162 231 222 XL]
788 162 968 206 LIBER
1004 162 1060 209 V.
1636 157 1733 207 115

131 296 283 351 Picta
319 314 488 367 neque
523 295 740 350 inducto
779 298 1022 368 fulgebat
1056 316 1239 366 parma
1274 313 1504 367 pyropo:

201 367 533 421 Praebebant
568 369 708 421 caesi
749 369 920 420 baltea
956 369 1099 420 lenta
1137 369 1312 420 boves,

133 436 330 492 Cossus
365 440 422 491 at
457 439 752 508 insequitur
789 438 1028 492 Veientis
1069 439 1224 491 caede
1261 437 1536 505 Tolumni,

200 507 426 562 Vincere
464 526 583 561 cum
620 509 783 561 Veios
821 527 977 578 posse
1014 509 1211 561 laboris
1251 512 1376 576 erat,

25 650 28 653 ἢ
130 577 245 634 Nec
283 579 408 631 dum
449 579 586 631 ultra
609 578 843 631 Tiberim
868 579 994 632 belli
1021 597 1198 645 sonus,
1241 580 1423 631 ultima
1447 577 1640 647 praeda
1678 588 1731 627 25

201 648 526 703 Nomentum
564 652 619 701 et
654 653 839 718 captae
878 650 1060 719 iugera
1096 653 1247 702 terna
1286 649 1467 702 Corae.

131 719 251 773 Heu
287 719 392 773 Vei
427 722 653 772 veteres!
694 724 748 772 et
787 738 877 772 vos
915 724 1029 772 tum
1064 739 1230 790 regna
1269 721 1458 787 suistiS,

200 789 275 844 Et
309 792 486 844 vestro
522 791 749 859 positast
786 809 942 843 aurea
981 791 1110 842 sella
1145 791 1288 843 foro:

132 860 290 915 Nunc
325 861 468 913 intra
503 878 681 913 muros
719 862 947 929 pastoris
985 861 1178 913 bucina
1214 862 1345 913 lenti

204 930 423 1000 (laniat,
461 934 514 984 et
549 931 606 984 in
642 932 832 983 vestris
871 931 1076 984 ossibus
1114 950 1237 983 arva
1273 934 1493 984 metunt.
1678 941 1735 981 30

134 1000 292 1054 Forte
329 1019 487 1071 super
523 1003 705 1071 portae
742 1001 847 1053 dux
885 1000 1046 1054 Veius
1084 1003 1255 1054 astitit
1291 1020 1464 1054 arcem

205 1072 645 1141 Colloquiumque
682 1089 777 1123 sua
813 1072 979 1124 fretus
1017 1073 1082 1124 ab
1119 1073 1247 1125 urbe
1286 1072 1453 1125 dedit:

134 1141 379 1212 Dumque
415 1143 551 1195 aries
589 1160 796 1195 murum
835 1160 998 1195 cornu
1034 1143 1281 1212 pulsabat
1317 1142 1504 1211 ahenO,

205 1214 376 1266 Vinea
411 1230 515 1282 qua
550 1212 763 1265 ductum
800 1213 963 1283 longa
998 1214 1214 1283 tegebat
1249 1231 1397 1282 opus²

137 1282 333 1338 Cossus
369 1283 444 1336 ait
483 1283 628 1335 ‘forti
664 1283 851 1336 melius
890 1302 1199 1336 concurrere
1240 1289 1464 1353 campo.'
1681 1294 1735 1333 35

205 1354 318 1408 Nec
354 1371 503 1407 mora
537 1353 613 1422 fit,
650 1354 811 1423 plano
849 1354 990 1406 sistit
1024 1357 1243 1423 uterque
1279 1355 1517 1425 gradum.

143 1424 207 1478 Di
245 1424 421 1477 Latias
457 1425 633 1477 iuvere
669 1443 874 1493 manu8‚
913 1425 1122 1477 desecta
1148 1425 1397 1478 Tolumni

207 1494 396 1549 Cervix
432 1494 703 1547 Romanos
741 1496 997 1565 sanguine
1034 1496 1163 1547 lavit
1200 1514 1377 1564 equos,

138 1564 388 1619 Claudius
425 1565 718 1618 Eridanum
754 1566 1003 1618 traiectos
1038 1567 1206 1618 arcuit
1242 1566 1447 1634 hostes7

209 1636 429 1706 Belgica
463 1636 548 1688 cui
582 1636 720 1688 vasti
755 1655 938 1706 parma
973 1638 1140 1689 relata
1176 1637 1323 1689 ducis
1682 1649 1736 1688 40

138 1706 453 1760 Virdomari.
491 1724 659 1776 genus
697 1707 784 1759 hic
820 1706 1008 1759 Rheno
1044 1707 1275 1759 iactabat
1321 1708 1387 1760 ab
1424 1708 1559 1777 ips0‚

209 1776 419 1831 Nobilis
442 1779 478 1845 †
502 1777 688 1830 erectis
724 1777 944 1830 fundere
980 1796 1141 1847 gaesa
1176 1779 1320 1830 rotis.

138 1846 228 1901 Illi
263 1847 494 1918 virgatas
530 1847 818 1900 maculanti
853 1849 1110 1918 sanguine
1146 1848 1330 1901 bracas

210 1917 435 1988 Torquis
473 1918 539 1970 ab
576 1918 746 1971 incisa
782 1918 979 1972 decidit
1012 1937 1149 1972 unca
1185 1920 1327 1989 gula.

138 1987 298 2043 Nunc
335 1989 506 2058 spolia
551 1988 610 2041 in
651 1989 852 2058 templo
898 1989 1000 2042 tria
1048 1990 1285 2043 condita:
1337 2008 1492 2043 causa
1538 1991 1632 2044 Fe-

1147 2061 1275 2113 retri
1683 2073 1737 2112 45

211 2127 401 2183 Omine
437 2129 580 2199 quod
617 2132 759 2183 certo
799 2130 903 2182 dux
939 2131 1065 2183 ferit
1101 2149 1225 2183 ense
1263 2103 1471 2199 ducem3

143 2199 246 2254 Seu
284 2200 407 2269 quia
442 2201 582 2253 victa
617 2201 726 2253 suis
762 2201 956 2253 umeris
993 2201 1124 2254 haec
1161 2221 1306 2254 arma
1342 2202 1598 2272 ferebant,

210 2269 355 2323 Hinc
392 2269 591 2323 Feretri
629 2271 822 2323 dictast
858 2290 948 2323 ara
985 2272 1210 2341 superba
1244 2272 1402 2325 Iovis

883 2450 987 2512 XI.

143 2551 357 2618 Desine,
396 2552 604 2620 Paulle,
643 2571 819 2605 meum
857 2554 1087 2605 lacrimis
1127 2572 1312 2624 urgere
1340 2555 1703 2624 sepulchrum:

214 2622 470 2675 Panditur
508 2622 573 2675 ad
610 2623 782 2675 nullas
819 2624 977 2675 ianua
1012 2625 1167 2694 nigra
1201 2643 1400 2694 preces,

145 2692 279 2747 Cum
317 2693 483 2745 semel
520 2693 753 2746 infernas
791 2694 1056 2747 intrarunt
1092 2695 1278 2747 funera
1315 2697 1485 2766 legeS,

213 2762 340 2816 Non
375 2766 590 2816 exorato
630 2766 776 2815 stant
813 2764 1091 2818 adamante
1128 2766 1257 2818 viae.

144 2831 219 2886 Te
257 2834 381 2886 licet
417 2836 654 2886 orantem
692 2834 869 2887 fuscae
907 2835 1034 2888 deus
1073 2836 1248 2888 audiat
1285 2838 1457 2890 aulae:

213 2902 420 2974 Nempe
456 2907 574 2957 tuas
611 2904 850 2958 lacrimas
889 2906 1071 2959 littora
1096 2907 1251 2960 surda
1287 2908 1485 2960 bibent.

1434 2994 1488 3035 ὃ*
