1936 3112
103 129 179 189 [1.]
747 126 926 170 LIBER
962 126 1017 172 v,
1637 119 1703 171 93

102 263 218 318 Nec
251 263 397 317 rudis
434 263 643 317 infestis
680 263 831 316 miles
869 262 1110 314 radiabat
1146 262 1202 314 in
1242 260 1426 314 armis:

171 333 470 388 Miscebant
502 337 622 387 usta
656 333 858 403 proelia
893 332 1037 385 nuda
1074 333 1215 385 sude.

102 403 281 458 Prima
315 405 570 475 galeritus
606 404 786 474 posuit
821 403 1091 473 praetoria
1127 402 1367 471 Lygmon
1381 444 1395 470 ,

173 475 474 545 Magnaque
510 493 634 544 pars
671 474 822 527 Tatio
859 492 1035 526 rerum
1074 479 1186 525 erat
1222 473 1364 526 inter
1402 491 1540 525 oves.
1651 483 1707 523 30

101 544 245 599 Hinc
281 545 487 598 Titiens
525 545 860 614 Ramnesque
896 544 997 597 viri
1035 543 1363 612 Luceresque
1403 543 1597 611 coloni,

173 615 410 679 Quatuor
445 615 570 668 hinc
606 616 754 668 albos
791 615 1045 667 Romulus
1084 615 1196 684 egit
1232 632 1407 683 equos,

678 686 707 718 ἧς
1091 686 1119 716 ’l‘

104 757 310 827 Quippe
347 758 677 810 suburbanae
713 725 1088 826 parva*minus
1126 757 1254 809 urbe
1291 756 1530 809 Bovillae

172 828 349 897 Atque
386 828 461 880 ibi
498 827 725 880 Fidenas
762 828 926 897 longa
962 830 1075 879 erat
1110 827 1213 879 isse
1252 828 1348 879 via.
1652 839 1707 877 36

104 898 178 951 Et
213 899 363 952 stetit
397 898 538 950 Alba
572 901 781 967 potem,
823 898 974 950 albae
1013 898 1119 950 suis
1157 898 1332 949 omine
1370 900 1519 965 nata,
1652 909 1706 948 35

172 968 270 1037 Et,
307 969 397 1038 qui
433 986 578 1021 nunc
613 969 771 1036 nulli,
810 969 1039 1020 maxima
1074 968 1231 1020 turba
1269 968 1420 1020 Gabi.
1652 979 1708 1018 34

104 1038 199 1092 Nil
232 1039 464 1108 patrium
501 1039 605 1091 nisi
641 1057 838 1092 nomen
875 1038 1035 1091 habet
1059 1038 1330 1091 Romanus
1369 1039 1635 1091 alumnus:

177 1109 464 1180 Sanguinis
501 1109 740 1162 altricem
775 1128 885 1162 non
908 1110 1072 1179 pudet
1109 1128 1222 1162 esse
1259 1110 1452 1177 lupam.

105 1179 225 1235 Huc
261 1181 448 1233 melius
485 1181 739 1250 profugos
775 1181 993 1248 misisti,
1034 1180 1215 1247 Troia,
1255 1187 1494 1248 penates,

175 1250 263 1304 En
299 1251 442 1320 quali
477 1254 682 1304 vectast
716 1251 962 1304 Dardana
996 1251 1190 1320 puppis
1229 1253 1346 1303 ave!
1655 1262 1709 1301 40

108 1321 220 1374 Iam
256 1321 391 1375 bene
428 1321 765 1391 spondebant
799 1325 928 1374 tunc
966 1322 1173 1388 omina,
1214 1322 1352 1389 quod
1390 1321 1526 1374 nihil
1563 1322 1709 1374 illam

177 1391 426 1445 Laeserat
461 1392 676 1462 abiegni
712 1395 898 1444 venter
934 1396 1146 1462 apertus
1187 1393 1332 1460 equi,

109 1461 244 1517 Cum
278 1465 429 1532 pater
464 1463 518 1515 in
557 1463 670 1515 nati
704 1463 940 1532 trepidus
980 1463 1181 1515 cervice
1219 1463 1495 1531 pependit,

164 1533 251 1586 Et
285 1534 506 1586 veritast
539 1551 749 1586 umeros
786 1552 936 1586 urere
972 1534 1187 1586 flamma
1222 1534 1356 1601 pios

109 1603 260 1657 Tunc
295 1605 459 1657 animi
494 1622 684 1657 venere
711 1603 843 1656 Deci
878 1603 1135 1673 Brutique
1174 1622 1399 1673 89911198,
1657 1615 1712 1656 45

178 1673 339 1728 Vexit
374 1677 429 1728 et
463 1675 581 1744 ipsa
617 1675 699 1727 sui
737 1674 978 1728 Caesaris
1017 1693 1162 1727 arma
1198 1674 1405 1739 VenUS‚

109 1747 276 1798 Arma
310 1745 639 1815 resurgentis
675 1748 894 1814 portans
932 1746 1169 1798 victricia
1205 1745 1423 1799 Troiae:

179 1815 342 1869 Felix.
367 1818 511 1869 terra
545 1819 667 1868 tuos
705 1816 869 1885 cepit,
910 1815 1050 1881 Iule,
1093 1817 1244 1884 deos3

112 1886 168 1940 Si
204 1887 361 1940 modo
399 1887 681 1940 Avernalis
718 1887 976 1939 tremulae
1015 1887 1221 1940 cortina
1259 1885 1492 1956 Sibyllae

180 1956 333 2010 Dixit
368 1957 638 2010 Aventino
675 1975 799 2010 rura
833 1958 1029 2026 pianda
1065 1957 1257 2023 RemO,
1660 1967 1717 2010 60

111 2029 223 2081 Aut
258 2028 303 2081 si
340 2027 658 2098 Pergameae
696 2045 813 2080 sero
850 2031 968 2080 rata
1006 2029 1239 2080 carmina
1274 2029 1409 2080 vatis

180 2097 522 2168 Longaevum
560 2098 625 2151 ad
663 2097 861 2151 Priami
898 2117 1022 2151 vera
1058 2100 1204 2151 fuere
1244 2103 1427 2167 caput:

115 2168 346 2222 ‘Dicamt
383 2168 544 2222 Troia
580 2169 752 2237 cades,
794 2171 848 2222 et
882 2169 1074 2222 Troica
1110 2169 1281 2221 Roma
1324 2188 1589 2240 resurgeS,
1663 2182 1715 2220 87

182 2239 257 2292 Et
291 2240 450 2292 maris
487 2243 542 2292 et
575 2242 748 2292 terrae
785 2239 948 2309 longa
985 2239 1262 2308 sepulchra
1299 2258 1499 2293 canam.
1665 2254 1718 2291 88

112 2309 319 2363 Vertite
356 2327 571 2379 equum,
609 2309 804 2363 Danai!
845 2311 983 2362 male
1020 2310 1259 2362 vincitis:
1298 2310 1399 2362 Ilia
1433 2312 1590 2363 tellus

182 2379 364 2450 Vivet,
403 2382 458 2433 et
489 2379 612 2433 huic
650 2381 814 2433 cineri
852 2380 1092 2449 Iuppiter
1129 2399 1275 2433 arma
1312 2382 1493 2434 dabit.'

115 2451 333 2520 Optima
366 2451 634 2504 nutricum
673 2451 869 2503 nostris
907 2451 1033 2519 lupa
1058 2450 1253 2503 Martia
1289 2451 1462 2521 rebUS‚
1666 2463 1720 2504 55

185 2520 373 2584 Qualia
411 2524 688 2574 creverunt
723 2521 934 2573 moenia
973 2522 1106 2574 lacte
1143 2524 1256 2575 tuo!

115 2591 336 2645 Munere
360 2609 586 2660 namque
624 2592 712 2661 pio
750 2609 912 2644 conor
949 2592 1227 2660 disponere
1255 2610 1462 2645 versus:

185 2661 252 2714 Ei
288 2661 445 2730 mihi,
474 2662 613 2730 quod
650 2665 884 2714 nostrost
920 2681 1111 2730 parvus
1149 2662 1208 2715 in
1246 2681 1334 2715 ore
1372 2667 1553 2717 sonus!

118 2731 219 2786 Sed
257 2734 436 2785 tamen
475 2733 667 2802 exiguo
706 2732 1071 2801 quodcumque
1110 2751 1138 2785 e
1175 2736 1387 2802 pectore
1423 2733 1523 2786 rivi

187 2801 449 2871 Fluxerit‚
489 2802 590 2856 hoc
626 2803 829 2872 patriae
868 2805 1062 2856 serviet
1099 2822 1254 2856 omne
1291 2822 1454 2857 meae.
1671 2818 1725 2856 00

118 2871 326 2928 Ennius
362 2872 569 2928 hirsuta
606 2874 787 2944 cingat
823 2892 917 2926 sua
952 2876 987 2942 †
1012 2874 1153 2926 dicta
1192 2891 1409 2931 corona:
