1936 3112
117 103 262 162 V111.]
775 100 955 146 LIBER
989 101 1042 145 V.
1614 93 1712 148 109

186 229 421 292 Narrant
453 235 706 290 historiae
742 234 957 289 foedera
992 238 1120 288 nota
1157 254 1304 289 suae:
1647 277 1651 281 .

114 304 262 363 Haec
299 326 394 361 sua
428 307 681 360 maternis
718 307 953 375 queritur
990 307 1150 359 livere
1188 306 1387 359 catenis
1659 316 1712 356 65

185 377 412 432 Brachia
445 395 545 431 nec
579 377 794 430 meritas
831 376 1025 447 frigida
1062 395 1187 429 saxa
1221 395 1435 430 manus:

113 448 313 504 Narrat
345 447 723 518 Hypermestre
759 465 1014 517 magnum
1051 465 1204 500 ausas
1243 466 1356 501 esse
1394 465 1598 500 sorores
1610 487 1625 516 ,

184 519 252 573 In
288 519 458 573 scelus
494 517 598 571 hoc
634 518 868 571 animum
904 535 1016 570 non
1051 519 1278 571 valuisse
1317 536 1484 571 suum.

118 589 206 645 Sic
242 589 429 642 mortis
465 589 696 641 lacrimis
731 589 870 641 vitae
907 607 1154 641 sanamus
1195 606 1424 642 amores:

186 659 314 714 Celo
351 677 452 730 ego
487 659 737 728 perfidiae
775 658 996 712 crimina
1018 659 1186 711 multa
1221 662 1358 712 tuae.
1659 668 1719 714 70

116 729 220 785 Sed
255 730 355 783 tibi
389 747 531 783 nunc
567 729 817 782 mandata
852 729 1052 797 damUS,
1092 729 1136 781 si
1173 729 1310 783 forte
1346 731 1602 800 moveriS‚

187 799 245 855 Si
277 803 332 854 te
366 818 479 853 non
513 802 686 853 totum
724 798 1002 854 Chloridos
1039 799 1204 852 herba
1239 803 1410 854 tenet:

114 870 309 926 Nutrix
346 870 404 924 in
437 871 679 924 tremulis
703 870 899 940 nequid
925 870 1188 923 desideret
1223 872 1376 923 annis

184 939 492 995 Parthenio:
528 941 726 1010 patuit,
763 958 862 994 nec
897 941 996 994 tibi
1033 959 1190 994 avara
1225 942 1341 994 fuit.

114 1011 452 1082 Deliciaeque
487 1029 634 1065 meae
670 1011 860 1080 LatriS,
900 1011 983 1065 cui
1019 1029 1215 1064 nomen
1253 1012 1318 1064 ab
1354 1014 1518 1081 usust,
1663 1019 1720 1062 '75

184 1082 269 1138 Ne
306 1082 576 1152 speculum
613 1081 857 1135 dominae
891 1083 1134 1152 porrigat
1167 1083 1261 1135 illa
1283 1101 1464 1135 novae.

115 1153 190 1207 Et
224 1170 580 1223 quoscumque
615 1170 734 1205 meo
772 1153 946 1206 fecisti
982 1153 1199 1205 nomine
1236 1171 1415 1206 versus
1425 1194 1440 1222 ,

186 1223 294 1277 Vre
330 1223 490 1276 mihi:
527 1223 707 1276 laudes
742 1223 923 1277 desine
959 1222 1152 1276 habere
1188 1242 1347 1276 meas,

115 1294 262 1349 Pelle
285 1293 534 1347 hederam
557 1294 779 1361 tumulo,
805 1294 939 1347 mihi
958 1312 1089 1363 quae
1109 1297 1385 1364 pugnante
1410 1295 1659 1363 corymbo

187 1365 374 1418 Mollia
410 1365 667 1418 contortis
705 1364 905 1434 adligat
941 1382 1061 1417 ossa
1098 1366 1278 1418 comis.
1517 1381 1519 1384 ·
1664 1375 1719 1417 80

117 1435 362 1490 Pomosis
397 1434 542 1488 Anio
580 1453 683 1504 qua
719 1435 974 1504 spumifer
998 1436 1216 1488 incubat
1251 1436 1404 1505 arvis,

161 1506 262 1558 Et
294 1523 583 1574 numquam
618 1504 881 1560 Herculeo
918 1507 1135 1559 numine
1172 1507 1337 1575 pallet
1373 1506 1518 1575 ebur,

117 1576 224 1630 Hic
262 1594 474 1629 carmen
508 1575 684 1629 media
719 1576 940 1646 dignum
976 1595 1061 1629 me
1100 1577 1268 1630 scribe
1306 1578 1576 1644 columna,

189 1646 293 1700 Sed
328 1647 501 1713 breve,
539 1646 679 1716 quod
717 1664 931 1700 currens
969 1650 1150 1700 vector
1187 1648 1251 1699 ab
1287 1648 1417 1700 urbe
1455 1648 1624 1718 legat:

119 1718 244 1771 ‘Hic
279 1716 558 1770 Tiburtina
592 1717 731 1770 iacet
767 1736 923 1770 aurea
949 1717 1178 1787 Cynthia
1212 1721 1375 1771 terra:
1665 1727 1720 1769 85

187 1787 432 1841 Accessit
465 1787 612 1856 ripae
650 1787 780 1855 lauS‚
819 1788 1043 1857 Aniene,
1081 1791 1239 1841 tuae.’

117 1858 233 1913 Nec
266 1860 327 1910 tu
363 1875 552 1928 sperne
586 1858 690 1927 piis
726 1859 993 1911 venientia
1029 1859 1235 1912 somnia
1270 1859 1467 1928 portis:

189 1927 324 1991 Qun
359 1930 448 1998 pia
481 1931 742 1981 venerunt
776 1930 997 1997 somnia,
1036 1930 1243 1998 pondus
1290 1929 1506 1982 habent.

118 1999 292 2054 Nocte
327 2017 492 2069 vagae
527 1998 764 2066 ferimur,
800 2018 908 2052 nox
946 2001 1148 2052 clausas
1194 2000 1384 2052 liberat
1419 2001 1649 2070 umbraS,

188 2069 348 2123 Errat
383 2073 438 2123 et
472 2069 678 2122 abiecta
715 2068 972 2123 Cerberus
1009 2071 1122 2140 ipse
1159 2089 1289 2123 sera.
1665 2083 1721 2123 90

119 2140 261 2194 Luce
297 2139 482 2193 iubent
519 2140 664 2210 leges
701 2139 933 2193 Lethaea
969 2141 1034 2192 ad
1073 2143 1262 2211 stagna
1297 2143 1504 2195 reverti.

189 2210 305 2265 Nos
340 2209 604 2279 vehimur,
641 2214 850 2263 vectum
885 2214 1050 2263 nauta
1084 2214 1326 2264 recenset
1360 2229 1508 2266 onus,

120 2281 280 2336 Nunc
315 2283 370 2334 te
405 2281 714 2351 possideant
750 2282 906 2334 aliae:
945 2299 1069 2334 mox
1107 2283 1220 2334 sola
1254 2283 1473 2335 tenebo:

190 2351 399 2405 Mecum
436 2352 564 2421 eris,
602 2354 656 2404 et
690 2352 868 2404 mixtis
908 2353 1113 2404 ossibus
1151 2370 1271 2405 ossa
1307 2356 1509 2405 teram.³

120 2420 268 2475 Haec
304 2424 587 2492 postquam
623 2423 841 2491 querula
876 2441 1083 2475 mecum
1120 2423 1215 2475 sub
1253 2423 1346 2476 lite
1382 2425 1603 2495 peregit,
1666 2434 1720 2475 95

190 2491 337 2546 Inter
374 2493 661 2562 conplexus
700 2493 894 2545 excidit
929 2499 1116 2545 umbra
1152 2511 1314 2548 meos,

837 2671 996 2732 VIII.

121 2774 298 2843 Disce,
338 2773 462 2844 quid
499 2773 766 2844 Esquilias
803 2776 902 2827 hac
938 2778 1095 2828 nocte
1133 2776 1332 2846 fugarit
1368 2795 1589 2846 aquosas
1598 2817 1615 2847 ,

195 2844 331 2900 Cum
370 2845 541 2900 vicina
575 2846 726 2899 novis
762 2845 917 2899 turba
954 2847 1183 2900 cucurrit
1218 2847 1375 2918 agris
