1936 3112
227 125 294 178 66
869 134 1190 180 PROPERTII
1744 137 1821 198 [11.

401 265 665 319 Exercent
699 269 909 321 teneras
947 270 1004 321 in
1040 289 1133 323 sua
1170 271 1308 324 dona
1343 289 1548 340 manus,

247 346 302 386 35
328 335 472 389 Haec
498 336 715 390 hederas
741 339 873 408 legit
897 340 953 391 in
978 339 1205 410 thyrSOS,
1231 341 1361 394 haec
1387 342 1620 395 carmina
1642 343 1817 396 nervis

401 407 592 475 Aptat,
632 411 686 460 at
721 409 813 460 illa
848 428 1009 462 manu
1046 411 1178 463 texit
1212 415 1431 481 utraque
1467 430 1656 466 rosam.

327 476 374 530 E
414 495 633 545 quarum
668 497 886 532 numero
925 499 1008 532 me
1047 482 1273 551 contigit
1307 502 1413 535 una
1448 483 1692 538 dearum:

398 546 473 600 Vt
508 566 627 600 reor
664 567 695 600 a
731 549 891 616 facie,
931 549 1200 620 Calliopea
1235 552 1363 605 fuit:

330 616 654 670 ‘Contentus
691 619 858 672 niveis
897 639 1103 689 semper
1138 623 1412 676 vectabere
1450 624 1636 694 cygnis
1645 665 1662 693 ,
1756 631 1764 636 ”

245 698 302 738 40
395 688 509 740 Nec
545 691 598 740 te
635 689 788 741 fortis
827 691 946 758 equi
983 691 1138 743 ducet
1173 693 1238 744 ad
1274 711 1420 745 arma
1456 712 1633 748 sonus,

327 757 422 811 Nil
458 758 556 810 tibi
593 759 663 811 sit
698 777 853 812 rauco
891 762 1173 829 praeconia
1209 763 1425 815 classica
1461 782 1626 818 cornu

396 827 548 881 Flare
585 847 683 882 nec
719 830 952 882 Aonium
986 832 1229 900 tinguere
1266 832 1436 886 Marte
1471 853 1657 888 nemus
1667 875 1684 903 ,

327 898 441 950 Aut
477 899 664 966 quibus
702 900 758 951 in
796 902 995 969 campis
1033 901 1272 955 Mariano
1310 904 1509 972 proelia
1545 906 1698 975 signo

398 968 551 1021 Stent
587 972 640 1021 et
675 969 990 1023 Teutonicas
1026 971 1197 1024 Roma
1227 973 1486 1043 refringat
1520 992 1672 1044 opeS,

249 1049 303 1089 45
328 1038 593 1091 Barbarus
631 1042 722 1091 aut
759 1033 927 1092 Suevo
965 1042 1208 1110 perfusus
1246 1045 1500 1113 sanguine
1537 1044 1754 1099 Rhenus

398 1108 586 1161 Saucia
622 1111 877 1162 maerenti
915 1129 1135 1180 corpora
1170 1116 1343 1166 vectet
1377 1132 1525 1182 aqua.

326 1178 531 1247 Quippe
569 1185 847 1232 coronatos
885 1182 1114 1234 alienum
1151 1183 1216 1235 ad
1252 1184 1415 1236 limen
1450 1188 1685 1238 amantes

395 1249 443 1301 N
451 1252 802 1318 octurnaeque
839 1268 995 1303 canes
1034 1253 1177 1305 ebria
1213 1254 1368 1323 signa
1402 1255 1583 1324 fugae,

324 1318 397 1371 Vt
433 1338 527 1387 per
563 1322 615 1372 te
654 1321 857 1372 clausas
896 1322 1030 1373 sciat
1066 1328 1341 1376 excantare
1376 1325 1605 1395 puellaS,

242 1399 298 1440 50
393 1389 493 1451 Qui
530 1390 672 1442 volet
708 1394 941 1443 austeros
979 1395 1088 1445 arte
1125 1394 1279 1446 ferire
1318 1394 1493 1448 viros.'

325 1459 477 1511 Talia
515 1459 777 1529 Calliope,
816 1461 1148 1531 lymphisque
1185 1482 1217 1515 a
1252 1464 1398 1516 fonte
1434 1466 1614 1534 petitis

399 1529 507 1584 Ora
542 1529 812 1583 Philetaea
847 1535 1029 1584 nostra
1063 1534 1256 1603 rigavit
1291 1553 1440 1603 aqua.

864 1710 952 1770 ΠΙ
991 1711 1167 1788 [IIII]-

324 1810 489 1862 Arma
527 1810 652 1863 deus
692 1809 885 1864 Caesar
923 1814 1055 1866 dites
1099 1815 1383 1868 meditatur
1418 1815 1483 1868 ad
1518 1816 1704 1886 Indos,

394 1881 466 1932 Et
501 1882 638 1933 freta
674 1883 971 1950 gemmiferi
1008 1885 1203 1938 findere
1241 1886 1404 1938 classe
1440 1889 1612 1941 mariS.

322 1949 535 2019 Magna,
562 1952 676 2019 viri,
698 1971 925 2020 merces3
952 1958 1105 2023 parat
1123 1956 1310 2008 ultima
1327 1959 1467 2008 terra
1489 1957 1808 2027 triumphos:

396 2021 570 2090 Tigris
610 2024 662 2073 et
697 2022 994 2091 Euphrates
1033 2026 1128 2078 sub
1167 2045 1262 2078 sua
1297 2026 1413 2078 iura
1448 2027 1634 2081 fluent:

277 2102 302 2140 5
324 2089 472 2158 Sera,
512 2091 602 2143 sed
641 2092 890 2146 Ausoniis
929 2096 1104 2147 veniet
1139 2097 1411 2164 provincia
1447 2097 1635 2167 virgis:

392 2162 722 2214 Adsuescent
758 2163 908 2216 Latio
947 2165 1143 2218 Partha
1178 2171 1392 2235 tropaea
1428 2166 1556 2221 Iovi.

323 2229 403 2283 Ite
441 2232 608 2300 agite,
649 2237 892 2301 expertae
929 2235 1070 2288 bello
1108 2236 1226 2289 date
1263 2237 1427 2289 lintea
1462 2255 1648 2306 prorae

394 2301 465 2353 Et
501 2302 715 2354 solitum
753 2304 1000 2374 armigeri
1037 2307 1209 2359 ducite
1246 2325 1436 2359 munus
1474 2309 1608 2376 equi.

324 2371 517 2423 Omina
551 2373 724 2424 fausta
761 2391 906 2427 cano,
958 2374 1175 2428 Crassos
1215 2377 1516 2446 clademque
1553 2378 1721 2446 piate:

242 2452 295 2491 10
386 2441 464 2493 Ite
504 2444 557 2493 et
590 2441 860 2496 Romanae
897 2446 1152 2498 consulite
1188 2446 1453 2500 historiae.

323 2511 464 2563 Mars
500 2514 650 2580 pater
687 2516 740 2565 et
776 2532 951 2567 sacrae
988 2516 1170 2568 fatalia
1205 2516 1406 2568 lumina
1440 2516 1658 2586 Vestae,

393 2582 533 2633 Ante
570 2600 715 2635 meos
754 2584 930 2638 obitus
967 2585 1062 2653 sit,
1099 2604 1307 2654 precor,
1345 2587 1437 2639 illa
1474 2587 1608 2656 dies,

322 2650 436 2713 Qua
474 2652 675 2704 videam
714 2655 896 2722 spoliis
934 2659 1178 2708 oneratos
1217 2656 1449 2709 Caesaris
1487 2675 1634 2726 axeS,

394 2721 476 2772 Ad
515 2723 658 2791 vulgi
693 2724 908 2791 plausus
946 2744 1099 2794 saepe
1135 2727 1376 2778 resistere
1413 2745 1596 2795 eqUOS,

219 2802 269 2843 15
294 2791 461 2858 Inque
500 2792 618 2844 sinu
688 2811 837 2846 carae
873 2795 1024 2847 nixus
1063 2799 1298 2864 spectare
1332 2797 1539 2865 puellae

387 2860 644 2930 Incipiam
682 2866 734 2917 et
767 2865 935 2918 titulis
974 2865 1166 2935 oppida
1202 2869 1355 2935 capta
1389 2867 1589 2938 legam,
