1936 3112
96 150 256 210 xxv.]
735 149 913 194 LIBER
949 150 1052 196 1111.
1633 144 1693 196 91

94 285 250 339 Mens
285 284 449 354 bona,
489 284 639 354 siqua
675 285 837 354 dea'S,
875 288 967 338 tua
1002 304 1086 338 me
1123 285 1176 337 in
1219 284 1446 338 sacraria
1483 284 1639 336 dono,

163 355 490 409 Exciderunt
530 356 689 409 surdo
727 359 810 408 tot
844 375 963 409 mea
999 359 1126 408 vota
1161 355 1291 409 Iovi.
1646 365 1701 404 20

808 535 994 597 XXV.

31 669 34 672 ·
93 637 253 692 Risus
291 655 435 691 eram
468 637 660 708 positis
697 638 837 692 inter
875 638 1116 691 convivia
1151 638 1348 689 mensis
1358 678 1374 706 ,

162 708 238 762 Et
273 708 337 762 de
372 726 458 761 me
492 711 704 778 poterat
741 709 964 779 quilibet
1001 726 1114 761 esse
1152 708 1359 776 loquax.

95 777 340 848 Quinque
374 779 475 831 tibi
508 780 660 848 potui
697 780 892 833 servire
928 779 1155 831 fideliter
1192 796 1388 830 annos:

166 848 360 919 Vngue
396 867 569 902 meam
605 867 782 903 morso
828 868 982 919 saepe
1021 867 1234 918 querere
1271 849 1443 900 fidem.

91 918 188 973 Nil
222 936 440 973 moveor
475 920 731 974 lacrimis:
770 922 873 973 ista
910 939 1026 973 sum
1067 923 1252 988 captus
1290 920 1355 971 ab
1394 921 1527 988 arte3
1671 926 1699 968 5

164 989 383 1060 Semper
419 990 485 1043 ab
522 991 755 1060 insidiis,
795 990 1049 1060 Cynthia,
1087 990 1212 1042 flere
1250 990 1403 1042 soles,

96 1059 263 1114 Flebo
301 1078 402 1131 ego
440 1060 742 1130 discedens,
781 1062 872 1114 sed
909 1062 1092 1113 fletum
1128 1061 1322 1113 iniuria
1358 1060 1556 1112 vincet:

167 1129 251 1184 Tu
286 1131 421 1184 bene
459 1132 782 1184 conveniens
819 1149 932 1185 non
971 1132 1101 1184 sinis
1139 1131 1214 1183 ire
1251 1131 1451 1200 iugum.

91 1201 303 1254 Limina
337 1202 444 1254 iam
480 1205 678 1257 nostris
715 1203 930 1255 valeant
966 1201 1298 1255 lacrimantia
1336 1201 1537 1267 verbiS,

161 1271 278 1327 Nec
313 1275 495 1325 tamen
530 1273 666 1326 irata
702 1273 861 1325 ianua
896 1273 1065 1325 fracta
1100 1290 1277 1324 mann.
1647 1281 1700 1321 10

91 1341 169 1396 At
202 1345 257 1396 te
294 1343 476 1396 celatis
514 1346 658 1396 aetas
695 1344 874 1414 gravis
909 1346 1099 1424 urgeat
1134 1343 1287 1395 annis
1298 1382 1314 1411 ,

163 1411 238 1466 Et
273 1413 454 1466 veniat
487 1413 690 1467 formae
726 1433 860 1485 ruga
897 1415 1114 1467 sinistra
1148 1417 1288 1467 tuae.

90 1482 302 1537 Vellere
337 1487 452 1537 tum
489 1485 668 1555 cupias
706 1485 855 1538 albos
893 1503 925 1537 a
961 1485 1126 1554 stirpe
1164 1484 1409 1553 capillos,

161 1555 240 1623 A,
280 1555 496 1624 speculo
531 1574 693 1626 rugas
729 1556 1080 1624 increpitante
1116 1555 1241 1622 tibi,

90 1623 322 1679 Exclusa
357 1626 517 1695 inque
554 1627 722 1680 vicem
758 1628 928 1678 fastus
965 1626 1169 1694 patiare
1208 1625 1465 1695 superbos
1474 1664 1490 1693 ,
1647 1634 1698 1675 15

159 1695 236 1748 Et
270 1713 402 1765 quae
438 1696 618 1750 fecisti
655 1697 798 1750 facta
834 1696 1068 1765 queraris
1109 1714 1255 1748 anuS.

90 1765 204 1819 Has
239 1766 339 1819 tibi
374 1766 554 1820 fatalis
592 1768 786 1821 cecinit
820 1785 938 1819 mea
973 1767 1172 1837 pagina
1209 1766 1366 1819 diras.

163 1836 429 1891 Eventum
462 1838 666 1906 formae
704 1839 848 1891 disce
883 1839 1070 1891 timere
1107 1840 1245 1891 tuae.
