1936 3112
122 132 246 194 V11].
753 132 932 177 LIBER
968 131 1073 179 1111.
1651 123 1716 176 71

192 267 267 322 Et
299 266 462 321 miser
493 267 720 320 invisam
754 267 918 320 traxit
951 266 1128 319 hiatus
1167 283 1354 335 aquam
1369 283 1387 320 ε

122 343 276 393 Η11110
312 355 476 408 parvo
511 338 638 391 ferri
674 338 807 390 vidit
841 355 947 390 nox
985 337 1212 406 inproba
1251 337 1417 406 ligno,

192 409 387 462 Paetus
423 410 484 462 ut
517 408 806 474 occideret,
842 411 926 460 tot
962 409 1133 461 coiere
1170 407 1324 460 mala.

123 479 281 533 Flens
305 482 486 532 tamen
511 480 758 532 extremis
779 479 925 532 dedit
947 478 1079 531 haec
1103 479 1353 530 mandata
1379 476 1629 547 querelis,
1668 486 1723 527 55

194 550 329 604 Cum
363 549 682 603 moribunda
718 551 872 620 niger
909 549 1176 602 clauderet
1212 567 1306 601 ora
1341 549 1538 617 liquor:

20 658 22 660 -
122 619 224 674 ‘Di
258 621 420 673 maris
445 620 648 690 Aegaei
673 638 805 690 quos
831 622 956 673 sunt
989 638 1153 689 penes
1180 637 1438 688 aequora,
1463 618 1653 687 Venti,

193 691 266 744 Et
301 708 658 760 quaecumque
694 710 870 743 meum
908 690 1162 760 degravat
1195 690 1338 743 unda
1375 692 1558 758 caput,

123 761 239 825 Quo
275 761 462 831 rapitis
498 762 719 814 miseros
756 765 968 814 tenerae
1006 761 1274 830 lanuginis
1312 759 1522 813 annos?

191 832 483 885 Attulimus
520 832 708 902 longas
745 833 802 884 in
839 833 976 885 freta
1016 835 1191 884 vestra
1226 850 1430 885 manus,
1670 841 1725 881 60

120 902 172 955 A
208 903 370 955 miser
405 903 687 971 alcyonum
725 903 956 972 scopulis
994 902 1198 972 adfigar
1234 902 1429 955 acutis:

195 971 261 1026 111
296 991 381 1026 1116
420 974 657 1026 caeruleo
694 974 900 1026 fuscina
937 976 1148 1042 sumpta
1184 972 1350 1025 deost.

120 1044 197 1097 At
232 1044 422 1096 saltem
458 1043 643 1096 Italiae
679 1044 987 1114 regionibus
1025 1043 1252 1096 advehat
1288 1046 1490 1096 aestus:

194 1113 314 1168 Hoc
352 1114 417 1167 de
453 1133 539 1167 me
576 1117 659 1167 sat
696 1116 796 1167 erit
832 1115 877 1167 si
913 1114 1072 1167 modo
1109 1114 1292 1167 matris
1331 1115 1469 1166 erit?

122 1183 399 1238 Subtrahit
433 1184 564 1238 haec
596 1185 799 1238 fantem
834 1188 974 1238 torta
1005 1185 1265 1255 vertigine
1297 1184 1513 1254 fluctus3
1671 1194 1725 1235 65

194 1255 399 1309 Vltima
436 1274 568 1325 quae
605 1255 768 1308 Paeto
806 1273 1010 1325 voxque
1048 1256 1262 1324 diesque
1299 1255 1414 1308 fuit.

127 1325 172 1380 O
210 1329 423 1379 centum
461 1343 750 1396 aequoreae
786 1326 961 1380 Nereo
998 1327 1241 1397 genitore
1276 1326 1511 1396 puellae,

194 1396 268 1450 Et
302 1400 363 1450 tu
398 1400 638 1450 materno
675 1399 820 1449 tacta
857 1397 1038 1450 dolore
1075 1397 1232 1450 Theti

123 1466 262 1538 (Vos
299 1467 475 1520 decuit
509 1468 649 1520 lasso
687 1485 984 1537 supponere
1019 1467 1245 1521 brachia·
1272 1470 1479 1521 mento:

154 1572 158 1575 -
191 1537 319 1591 Non
353 1541 563 1608 poterat
597 1541 799 1591 vestras
835 1539 925 1591 ille
962 1557 1182 1608 gravare
1218 1538 1455 1609 manus),
1672 1548 1727 1588 70

121 1607 347 1662 Reddite
382 1627 572 1678 corpus
605 1609 766 1662 humo
803 1608 1056 1679 (positast
1088 1610 1146 1661 in
1180 1610 1392 1679 gurgite
1426 1609 1586 1679 vita);
1672 1619 1726 1659 25

193 1678 415 1732 Paetum
452 1682 643 1748 sponte
677 1682 794 1746 tua,
832 1680 952 1732 vilis
989 1698 1170 1749 arena,
1209 1683 1386 1750 tegas3

121 1748 196 1802 Et
230 1750 475 1819 quotiens
512 1750 661 1803 Paeti
696 1750 947 1803 transibit
980 1754 1143 1803 nauta
1180 1750 1542 1819 sepulchrum,

192 1819 354 1874 Dicat
389 1823 476 1873 ‘et
511 1821 697 1873 audaci
731 1824 792 1874 tu
826 1821 988 1874 timor
1025 1839 1139 1874 esse
1175 1826 1365 1890 potes?
1673 1831 1727 1871 28

122 1891 200 1944 At
233 1894 318 1959 tu,
358 1909 510 1944 saeve
535 1892 755 1960 Aquilo,
793 1910 1082 1960 numquam
1117 1911 1235 1944 mea
1258 1892 1374 1944 vela
1408 1891 1635 1944 videbis:

193 1962 337 2015 Ante
372 1962 515 2015 fores
550 1962 796 2015 dominae
833 1963 1031 2015 condar
1067 1966 1280 2031 oportet
1315 1963 1473 2016 iners,

743 2141 859 2202 Vn
907 2137 1116 2225 [vnn.

128 2245 314 2300 Dulcis
352 2244 417 2298 ad
452 2243 727 2298 hesternas
765 2245 939 2297 fuerat
980 2244 1110 2296 mihi
1146 2247 1260 2297 rixa
1296 2245 1563 2315 lucernaS,

201 2316 358 2369 Vocis
396 2319 450 2368 et
485 2317 702 2368 insanae
737 2318 821 2367 tot
855 2315 1137 2367 maledicta
1173 2319 1308 2368 tuae.

128 2386 236 2441 Cur
271 2386 555 2439 furibunda
590 2404 736 2439 mero
773 2404 1012 2438 mensam
1048 2387 1302 2455 propellis
1341 2389 1393 2439 et
1428 2387 1485 2439 in
1522 2405 1607 2440 me

196 2457 399 2511 Proicis
437 2459 625 2509 insana
661 2457 868 2526 cymbia
903 2457 1063 2525 plena
1098 2457 1296 2509 manu?

128 2527 207 2581 Tu
243 2545 367 2580 vero
404 2532 617 2580 nostros
655 2528 825 2579 audax
861 2527 1049 2579 invade
1088 2528 1307 2596 capillos
1700 2538 1728 2580 ὅ

196 2598 272 2651 Et
299 2616 422 2651 mea
456 2598 703 2651 formosis
740 2598 1006 2666 unguibus
1045 2615 1137 2650 ora
1172 2601 1322 2666 nota,

131 2667 218 2722 ΤΠ·
247 2669 496 2722 minitare
534 2669 715 2722 oculos
754 2668 992 2721 subiecta
1030 2686 1245 2721 exurere
1282 2669 1516 2739 flamma,

198 2738 304 2793 Fac
340 2757 459 2792 meo
495 2740 719 2792 rescisso
757 2742 972 2808 pectora
1006 2739 1149 2791 nuda
1186 2740 1320 2792 sinu.

127 2808 394 2864 Nimirum
429 2810 540 2863 veri
577 2810 769 2862 dantur
804 2809 934 2862 mihi
973 2810 1128 2878 signa
1165 2811 1379 2863 caloris:

197 2879 340 2936 Nam
377 2881 492 2934 81116
529 2899 707 2934 amore
742 2881 892 2951 gravi
929 2880 1129 2932 femina
1163 2881 1311 2933 nulla
1347 2882 1506 2936 dolet.
1678 2894 1729 2934 10
