1936 3112
118 105 196 167 x.]
766 108 942 152 menn
979 107 1057 154 111.
1647 99 1712 151 41

120 242 316 297 Durius
353 243 409 296 in
446 244 599 296 terris
636 243 772 295 nihil
811 247 891 296 est
927 243 1067 311 quod
1103 243 1247 295 vivat
1283 244 1516 307 amant-e,

189 313 329 382 Nec,
367 314 525 366 modo
565 314 608 366 si
647 315 845 382 sapias,
886 314 1023 382 quod
1060 314 1233 365 minus
1273 331 1385 365 esse
1422 312 1568 363 veliS.
1668 321 1718 367 10

122 384 290 448 Quem
326 383 484 437 modo
522 384 730 436 felicem
768 384 964 436 invidia
1002 384 1290 436 admirante
1328 382 1592 448 ferebant,

190 454 348 510 Nunc
385 454 586 507 decimo
624 454 874 506 admittor
912 455 998 506 vix
1036 472 1135 523 ego
1173 471 1380 522 quoque
1418 452 1516 503 die.

120 525 278 580 Nunc
314 525 482 578 iacere
520 543 548 576 e
586 524 716 576 duro
755 542 944 593 corpus
982 524 1148 591 iuvat,
1187 524 1357 592 inpia,
1397 540 1521 573 saxo
1534 562 1549 589 ‚

193 594 408 648 Sumere
446 597 500 647 et
535 595 591 646 in
629 597 836 647 nostras
873 595 1000 646 trita
1035 612 1240 646 venena
1274 610 1488 644 manus:

121 665 235 719 Nec
271 665 397 718 licet
432 665 489 717 in
525 665 695 717 triviis
734 665 874 717 sicca
910 664 1235 732 requiescere
1273 664 1398 715 luna
1668 671 1718 711 15

192 736 302 788 Aut
336 753 431 804 per
467 736 688 788 rimosas
727 736 935 788 mittere
972 734 1132 786 verba
1168 735 1322 786 fores.

123 805 276 868 Quod
313 806 549 874 quamvis
587 806 662 857 ita
699 806 791 873 sit,
831 805 1099 857 dominam
1137 807 1338 856 mutare
1377 802 1597 855 cavebo:

192 874 326 929 Tum
362 875 534 945 flebit,
574 894 692 928 cum
730 877 786 927 in
823 894 906 928 me
945 876 1169 927 senserit
1205 893 1318 926 esse
1356 873 1529 924 fidem.

738 1070 791 1129 X
841 1069 1101 1146 [xvim.

121 1173 389 1228 Adsiduae
426 1173 607 1227 multis
645 1173 821 1225 odium
860 1189 1108 1241 peperere
1146 1170 1412 1239 querelae:

191 1245 478 1315 Frangitur
513 1245 571 1297 in
606 1243 768 1296 tacito
805 1242 1004 1295 femina
1039 1259 1194 1310 saepe
1230 1241 1360 1293 viro,

123 1314 307 1386 Siquid
344 1315 549 1382 vidisti,
590 1332 796 1383 semper
832 1313 1026 1365 vidisse
1062 1314 1283 1381 negato:

194 1388 304 1439 Aut
339 1385 514 1455 siquid
550 1384 720 1437 doluit
757 1384 918 1451 forte,
957 1383 1133 1435 dolere
1168 1400 1321 1451 nega.

123 1457 262 1520 Quid
296 1474 415 1509 mea
451 1456 495 1508 si
533 1455 676 1515 canis
714 1457 857 1507 aetas
895 1453 1232 1506 candesceret
1268 1452 1444 1520 annis,
1693 1460 1721 1503 5

141 1525 146 1528 ’
191 1527 266 1580 Et
301 1527 498 1580 faceret
534 1526 724 1578 scissas
762 1524 1013 1594 languida
1048 1541 1181 1592 ruga
1215 1522 1418 1592 genas?

123 1598 199 1650 At
232 1615 346 1650 non
381 1596 600 1649 Tithoni
638 1613 892 1664 spernens
929 1595 1136 1646 Aurora
1173 1596 1440 1645 senectam

195 1667 475 1721 Desertum
510 1667 628 1719 an
663 1684 819 1735 passa
855 1665 1023 1717 iacere
1061 1663 1292 1716 domost:

125 1739 284 1792 Illum
323 1756 478 1807 saepe
515 1737 623 1789 suis
661 1736 916 1789 decedens
954 1734 1088 1787 fovit
1123 1735 1180 1786 in
1215 1734 1356 1786 ulnis
1367 1774 1382 1800 ‚

193 1809 363 1872 Quam
399 1809 544 1878 prius
583 1807 857 1859 adiunctos
896 1805 1076 1858 sedula
1111 1805 1241 1856 lavit
1277 1822 1462 1872 equos:
1669 1815 1720 1854 10

122 1879 280 1932 Illum
317 1879 383 1932 ad
419 1879 620 1931 vicinos
658 1895 778 1929 cum
816 1876 1055 1944 amplexa
1092 1875 1383 1943 quiesceret
1417 1874 1603 1942 Indos,

193 1949 429 2003 Maturos
466 1949 712 2001 iterumst
748 1950 932 2016 questa
967 1945 1137 1998 redire
1179 1945 1304 1998 dies,

123 2020 224 2073 Illa
260 2020 387 2073 deos
425 2037 635 2072 currum
673 2016 1032 2070 conscendens
1071 2015 1204 2068 dixit
1239 2016 1473 2084 iniquos,

194 2090 426 2144 Invitum
465 2092 517 2142 et
552 2089 706 2142 terris
744 2087 1010 2156 praestitit
1046 2086 1301 2155 officium3

125 2160 223 2215 Cui
258 2161 462 2214 maiora
497 2160 638 2212 senis
674 2157 894 2210 Tithoni
930 2157 1122 2226 gaudia
1157 2157 1287 2224 vivi,
1672 2168 1721 2207 15

200 2231 370 2294 Quam
406 2230 583 2300 gravis
621 2229 813 2281 amisso
852 2227 1135 2279 Memnone
1173 2227 1344 2279 luctus
1383 2229 1508 2279 erat.

124 2301 259 2356 Cum
296 2319 421 2354 sene
457 2318 568 2352 non
604 2299 793 2368 puduit
827 2298 988 2350 talem
1026 2297 1254 2350 dormire
1292 2297 1524 2366 puellam

191 2372 266 2425 Et
301 2389 461 2424 canae
496 2370 693 2423 totiens
731 2368 912 2421 oscula
948 2369 1084 2420 ferre
1121 2385 1316 2420 comae.

125 2443 197 2497 At
234 2446 292 2495 tu
330 2442 489 2494 etiam
526 2440 768 2493 iuvenem
806 2438 967 2491 odisti
1003 2456 1086 2490 me
1095 2479 1110 2506 ‚
1148 2438 1372 2507 perfida,
1412 2456 1530 2491 cum
1568 2440 1640 2491 sis

195 2513 318 2582 Ipsa
353 2529 486 2564 anus
521 2510 662 2563 haud
698 2511 861 2579 longa
898 2527 1055 2561 curva
1089 2509 1266 2561 futura
1302 2508 1402 2561 die.
1668 2521 1722 2560 20

126 2582 284 2647 Quin·
304 2600 402 2653 ego
441 2582 687 2634 deminuo
727 2598 930 2645 curam,
970 2579 1109 2647 quod
1147 2598 1300 2647 saepe
1340 2578 1545 2647 Cupido

113 2693 116 2697 -
195 2652 335 2707 Huic
371 2652 541 2706 malus
579 2670 692 2704 esse
731 2650 889 2717 solet,
930 2650 1013 2702 cui
1049 2649 1219 2702 bonus
1258 2652 1379 2702 ante
1415 2651 1532 2704 fuit.
