1936 3112
126 134 294 195 vnn]
826 132 1005 177 mmm
1038 131 1097 179 v.
1625 123 1724 175 113

127 269 407 325 Femineae
442 269 562 323 loca
597 268 774 322 clausa
811 267 937 320 deae
974 268 1252 335 fontesque
1290 264 1527 334 piandos,
1670 274 1723 313 25

196 341 404 410 Inpune
440 342 494 393 et
528 340 690 392 nullis
729 357 878 391 sacra
912 340 1112 390 retecta
1148 337 1289 389 viriS.

126 410 298 466 Devia
331 410 588 481 puniceae
624 410 873 462 velabant
907 408 1093 460 limina
1127 407 1315 475 vittae,

197 481 376 534 Putris
412 481 633 534 odorato
670 480 877 532 luxerat
911 479 1037 548 igne
1075 495 1210 545 casa,

126 551 205 608 Po
243 551 364 605 ulus
401 553 456 604 et
490 551 667 620 longis
705 550 927 602 ornabat
960 548 1237 600 frondibus
1275 546 1472 615 aedem,

255 622 470 691 ultaque
507 625 781 674 cantantes
818 619 1006 672 umbra
1041 618 1259 687 tegebat
1295 636 1431 670 aves.
1671 626 1726 666 30

125 693 247 748 Huc
281 692 390 745 ruit
423 691 482 744 in
518 692 711 744 siccam
748 691 1003 759 congesta
1039 689 1253 757 pulvere
1290 688 1508 740 barbam

197 763 271 816 Et
304 762 431 816 iacit
466 765 590 814 ante
626 762 767 814 fores
804 760 963 812 verba
998 759 1203 811 minora
1239 758 1363 810 deo:

127 834 260 888 ‘Vos
294 850 497 903 precor,
536 850 567 884 o
605 831 710 884 luci
747 848 895 883 sacro
932 847 1064 899 quae
1102 829 1285 881 luditis
1323 831 1492 897 antro,

117 950 126 957 .
196 903 421 956 Pandite
458 902 678 955 defessis
714 901 927 970 hospita
962 900 1088 952 fana
1121 899 1263 952 viris

126 973 314 1029 Fontis
353 991 515 1044 egens
553 990 668 1025 erro
707 972 946 1040 circaque
983 970 1229 1023 sonantia
1264 968 1511 1038 lymphis,

197 1044 272 1098 Et
307 1062 434 1097 cava
469 1045 715 1112 succepto
751 1041 969 1094 flumine
1003 1041 1180 1110 palma
1215 1043 1298 1092 sat
1334 1042 1427 1092 est.
1503 1045 1505 1047 ’

126 1115 438 1168 Audistisne
474 1114 719 1182 aliquem,
756 1115 908 1181 tergo
946 1112 1036 1181 qui
1071 1111 1285 1163 sustulit
1321 1109 1538 1163 orbem?

197 1185 296 1238 Ille
333 1202 433 1256 ego
471 1203 614 1237 sum:
651 1183 878 1236 Alciden
914 1185 1054 1234 terra
1089 1184 1301 1250 recepta
1336 1183 1505 1234 vocat.

134 1254 264 1319 Quis
300 1256 442 1308 facta
475 1254 766 1307 Herculeae
802 1271 913 1306 11011
939 1252 1086 1305 audit
1109 1252 1271 1304 fortia
1298 1253 1473 1304 clavae

197 1326 272 1379 Et
304 1343 592 1395 numquam
627 1324 693 1376 ad
729 1326 903 1376 vastas
940 1324 1089 1375 irrita
1124 1323 1230 1375 tela
1265 1322 1403 1375 feras
1416 1364 1430 1390 ,
1670 1330 1727 1370 40

134 1397 314 1466 Atque
350 1397 444 1449 uni
482 1394 694 1465 Stygias
718 1393 924 1447 homini
959 1394 1154 1446 luxisse
1189 1393 1471 1445 tenebras?

202 1465 487 1540 [Accipitez
523 1466 653 1518 haec
677 1465 818 1517 fesso
844 1465 933 1517 vix
964 1464 1097 1516 mihi
1121 1467 1262 1516 terra
1286 1462 1467 1536 patet]

130 1537 285 1606 Quid,
324 1537 370 1590 si
405 1536 599 1589 Iunoni
636 1553 842 1588 sacrum
877 1535 1120 1587 faceretis
1159 1534 1400 1587 amarae?

198 1607 326 1662 Non
362 1607 638 1660 clausisset
673 1624 832 1675 aquas
870 1606 986 1674 ipsa
1020 1623 1249 1658 noverca
1286 1623 1422 1658 suas,

130 1676 226 1731 Sin
263 1677 492 1747 aliquam
530 1677 803 1746 voltusque
838 1694 987 1729 meus
1025 1679 1300 1744 saetaeque
1337 1676 1506 1728 leonis
1671 1684 1727 1726 45

199 1747 424 1801 Terrent
459 1750 514 1800 et
547 1747 745 1817 Libyco
782 1747 894 1800 sole
929 1750 1144 1815 perusta
1180 1765 1354 1815 coma,

129 1817 278 1872 Idem
316 1836 416 1888 ego
455 1817 673 1871 Sidonia
708 1818 812 1870 feci
848 1818 1058 1870 servilia
1093 1818 1235 1886 palla

201 1889 392 1943 Officia
428 1892 481 1941 et
515 1887 664 1957 Lydo
701 1906 867 1957 pensa
903 1887 1092 1940 diurna
1129 1888 1262 1956 0010,

129 1958 311 2012 Μο1118
347 1961 402 2012 et
434 1958 695 2011 hirsutum
733 1959 874 2028 cepit
908 1958 1039 2010 mihi
1074 1958 1239 2011 fascia
1273 1960 1475 2028 pectus,

199 2029 274 2082 Et
308 2029 552 2082 manibus
591 2029 733 2082 duris
771 2032 894 2098 apta
929 2030 1106 2098 puella
1139 2030 1255 2082 fui.’
1675 2039 1731 2080 50

130 2099 350 2153 Talibus
386 2100 617 2169 Alcides,
658 2103 714 2152 at
748 2101 942 2152 talibus
981 2100 1119 2152 alma
1156 2099 1418 2168 sacerdOS,

199 2169 432 2224 Puniceo
471 2188 627 2223 canas
665 2171 888 2223 stamine
923 2171 1102 2223 vincta
1139 2188 1339 2223 comas:

132 2240 316 2294 ‘Parce
354 2241 535 2309 0011118,
574 2239 795 2310 1108Ρο8,
836 2241 1059 2309 lucoque
1097 2241 1320 2293 abscede
1357 2240 1613 2294 verendo:

204 2311 344 2365 Cede
382 2311 607 2381 agedum
644 2316 698 2364 et
731 2314 849 2364 tuta
885 2312 1070 2364 limina
1107 2312 1286 2380 linque
1323 2311 1467 2381 fuga.

130 2380 421 2435 Interdicta
456 2381 580 2434 viris
616 2382 899 2435 metuenda
933 2382 1051 2452 lege
1087 2383 1278 2451 piatur,
1675 2392 1730 2432 55

202 2451 348 2514 Quae
385 2470 440 2505 se
477 2452 722 2505 submota
756 2452 991 2505 vindicat
1027 2471 1116 2504 ara
1153 2470 1287 2505 casa.

130 2521 332 2592 Magno
369 2522 597 2576 Tiresias
635 2523 839 2592 aspexit
873 2523 1091 2575 Pallada
1125 2526 1287 2591 vateS‚

201 2592 384 2646 Fortia
420 2592 544 2645 dum
580 2594 754 2662 posita
791 2592 1040 2663 Gorgone
1077 2594 1315 2646 membra
1348 2593 1505 2647 lavat.

131 2661 204 2717 Di
238 2663 338 2716 tibi
375 2663 503 2716 dent
537 2664 670 2716 alios
706 2665 909 2716 fontes:
948 2663 1076 2716 haec
1113 2663 1331 2733 lympha
1364 2664 1555 2733 puellis

201 2734 339 2787 Avia
375 2734 563 2787 secreti
598 2734 782 2786 limitis
818 2753 924 2786 una
959 2734 1112 2787 fluit.’
1676 2745 1731 2786 60

133 2803 221 2859 Sic
258 2822 416 2858 anus:
453 2804 543 2857 ille
579 2805 773 2857 umeris
810 2807 989 2873 postes
1029 2806 1297 2858 concussit
1333 2823 1545 2875 opacOS,

202 2874 319 2929 Nec
354 2875 479 2928 tulit
513 2875 702 2939 iratam
738 2875 894 2929 ianua
931 2875 1107 2930 clausa
1143 2876 1302 2930 sitim.

216 2961 467 2996 horumn-
1451 2963 1481 3008 8
