1936 3112
126 129 307 191 xxxt]
758 131 936 175 110011
974 131 1050 179 111.
1652 121 1720 173 59

123 267 300 335 Atque
334 265 538 318 utinam
577 269 782 335 pereat,
821 266 948 319 Nilo
988 283 1120 334 quae
1158 282 1307 317 sacra
1342 265 1555 331 tepente

192 335 343 388 Misit
375 337 632 389 matronis
669 336 883 389 Inachis
919 336 1198 389 Ausoniis!

123 405 267 468 Quae
304 405 402 459 dea
435 410 548 458 tam
587 407 806 476 cupidos
842 407 1038 459 totiens
1077 405 1254 457 divisit
1293 403 1566 456 amantes?
1693 412 1719 452 5

192 477 560 546 Quaecumque
597 477 691 529 illa
726 478 853 544 fuit,
895 495 1102 545 semper
1138 494 1314 528 amara
1350 476 1464 526 fuit.

122 546 202 599 Tu
238 549 378 599 certe
415 546 558 599 Iovis
597 548 817 601 occultis
855 548 914 599 in
949 547 1239 614 011101111118,
1279 545 1364 614 Ιο,

189 616 439 686 8011818111,
477 618 672 670 multas
709 618 835 687 quid
873 619 942 670 sit
978 618 1111 669 inire
1149 617 1285 684 viaS‚

120 686 256 741 Cum
291 690 344 740 te
380 687 537 740 iussit
569 687 762 742 habere
798 689 1031 757 puellam
1069 705 1266 740 cornua
1302 686 1436 738 Iuno

186 757 261 811 Et
294 758 501 826 pecoris
539 758 669 811 duro
705 759 924 828 perdere
960 758 1119 811 verba
1157 775 1305 809 sono,
1666 765 1720 805 10

117 828 166 880 A
205 828 449 898 quotiens
487 829 701 898 quernis
739 829 940 881 laesisti
976 828 1252 881 frondibus
1290 829 1403 879 ora!

186 898 433 951 Mansisti
470 899 691 952 stabulis
730 899 909 952 abdita
944 902 1095 968 pasta
1130 899 1251 950 tuis,

117 970 230 1038 An,
269 969 523 1038 quoniam
559 973 823 1039 agrestem
861 970 1088 1022 detraxit
1123 970 1189 1021 ab
1227 986 1316 1020 010
1352 968 1578 1037 figuram

185 1039 448 1109 Iuppiter,
485 1040 681 1093 idcirco
718 1041 861 1093 facta
897 1040 1123 1109 superba
1159 1039 1334 1092 dea's‘?

117 1111 206 1162 An
240 1111 341 1163 tibi
375 1128 486 1163 non
523 1111 651 1163 satis
688 1114 772 1164 est
806 1111 968 1164 fuscis
995 1113 1271 1180 Aegyptus
1309 1108 1572 1161 alumnis?
1667 1118 1718 1157 15

188 1180 296 1235 Cur
329 1180 430 1233 tibi
463 1183 574 1234 tam
610 1182 773 1252 longa
808 1181 978 1234 Roma
1013 1183 1181 1250 petita
1217 1180 1335 1233 via?

118 1251 319 1314 Quidve
355 1252 454 1304 tibi
489 1252 707 1321 prodest
739 1252 921 1305 viduas
960 1252 1186 1304 dormire
1223 1249 1463 1320 puellas?

191 1321 294 1376 Sed
330 1322 454 1390 tibi,
495 1322 647 1376 crede
682 1322 838 1392 mihi,
878 1340 1075 1376 cornua
1110 1340 1290 1374 rursus
1329 1323 1506 1389 erunt,

121 1394 229 1445 Aut
262 1410 363 1445 nos
400 1411 428 1445 e
464 1396 649 1446 nostra
683 1396 761 1463 te,
800 1412 978 1462 saeva,
1016 1392 1318 1462 fugabimus
1355 1391 1510 1444 urbe:

188 1462 323 1517 Cum
359 1462 537 1516 Tiberi
573 1463 699 1517 Nilo
736 1465 908 1534 gratia
942 1464 1089 1516 nulla
1123 1463 1241 1515 fuit.
1659 1472 1716 1511 20

122 1535 192 1586 At
225 1537 311 1602 tu,
350 1552 482 1603 quae
518 1537 703 1587 nostro
740 1535 964 1587 nimium
999 1534 1210 1603 placata
1247 1532 1496 1601 dolore's,

186 1603 449 1658 Noctibus
486 1604 569 1657 his
607 1606 758 1659 vacui
793 1608 874 1658 ter
910 1605 1166 1658 faciamus
1204 1605 1320 1656 iter.

115 1675 242 1729 Non
278 1674 428 1728 audis
465 1678 519 1728 et
554 1676 713 1728 verba
749 1677 880 1728 sinis
917 1694 1036 1728 mea
1071 1675 1275 1743 ludere,
1316 1692 1435 1727 cum
1471 1674 1579 1725 iam

187 1745 431 1799 Flectant
464 1745 622 1798 Icarii
659 1746 831 1800 sidera
865 1747 1016 1799 tarda
1052 1747 1230 1798 boveS.

115 1817 285 1869 Lenta
309 1816 471 1870 bibis:
510 1817 715 1869 mediae
740 1820 1011 1886 nequeunt
1038 1820 1090 1869 te
1115 1817 1362 1886 frangere
1386 1818 1587 1868 noctes.
1664 1825 1718 1865 25

186 1887 276 1940 An
312 1887 605 1940 nondumst
639 1889 777 1941 talos
814 1889 1025 1940 mittere
1062 1888 1200 1940 lassa
1236 1886 1463 1938 manus?

116 1958 166 2010 A
241 1960 409 2026 ereat,
449 1959 764 2027 quicumque
798 1977 1032 2012 meracas
1068 1958 1304 2027 repperit
1339 1975 1466 2010 uvas

188 1976 540 2098 &orrupitque
577 2029 743 2082 bonas
779 2033 992 2083 nectare
1027 2029 1230 2099 primus
1268 2029 1454 2097 aquas!

116 2098 264 2152 Icare
302 2098 572 2168 Cecropiis
609 2100 798 2152 merito
835 2101 1072 2170 iugulate
1110 2100 1340 2166 00101118,

186 2169 506 2238 Pampineus
542 2171 687 2223 nosti
725 2189 880 2239 quam
920 2172 990 2223 sit
1025 2188 1232 2222 amarus
1271 2170 1412 2222 odor.
1664 2180 1719 2219 30

118 2239 301 2309 Tuque
338 2258 369 2292 o
405 2240 670 2310 Eurytion
707 2242 830 2293 vino
870 2240 1132 2295 Centaure
1169 2241 1379 2309 peristi,

186 2310 301 2364 Nec
336 2328 448 2364 non
483 2310 706 2364 Ismario
744 2314 826 2380 tu,
864 2311 1217 2380 Polypheme,
1254 2329 1416 2363 111010.

116 2379 259 2434 Vino
295 2381 469 2434 forma
504 2382 664 2451 perit,
702 2383 829 2435 vino
869 2383 1221 2451 corrumpitur
1259 2384 1404 2434 aetas
1414 2422 1429 2450 ,

186 2450 327 2505 Vino
365 2470 520 2521 saepe
558 2471 711 2506 suum
751 2453 922 2506 nescit
958 2453 1127 2505 amica
1163 2453 1349 2505 virum.

116 2522 205 2575 Me
241 2523 518 2592 miserum,
556 2526 616 2576 ut
651 2523 820 2576 multo
857 2522 994 2576 nihil
1032 2526 1114 2576 est
1148 2526 1351 2575 mutata
1387 2521 1587 2591 Lyaeo!
1663 2535 1717 2573 35

186 2592 304 2654 Iam
336 2593 484 2646 bibe:
522 2594 821 2647 formosa's:
859 2595 938 2647 nil
974 2594 1074 2646 tibi
1110 2594 1235 2646 vina
1270 2597 1488 2661 nocent,

118 2663 253 2718 Cum
288 2667 380 2716 tua
415 2665 778 2734 praependent
814 2665 1071 2717 demissae
1108 2665 1165 2716 in
1201 2664 1393 2733 pocula
1430 2668 1600 2717 sertae

185 2733 260 2787 Et
293 2752 413 2787 mea
449 2735 672 2788 deducta
710 2736 944 2788 carmina
980 2753 1107 2788 voce
1145 2735 1297 2804 legis,

117 2804 340 2875 Largius
378 2805 542 2858 effuso
580 2806 790 2858 madeat
825 2806 923 2858 tibi
960 2824 1144 2858 mensa
1181 2805 1404 2858 Falerno
1413 2845 1430 2875 ,

189 2877 410 2948 Spumet
445 2879 499 2929 et
534 2881 714 2929 aurato
753 2877 966 2929 mollius
1004 2878 1059 2929 in
1098 2876 1274 2930 calice.
1661 2887 1717 2926 40
