1936 3112
105 104 271 163 xlm]
746 105 925 150 LIBER
962 105 1064 151 1111.
1542 98 1546 101 ⁵
1639 98 1704 152 81

103 239 213 294 Lex
249 241 267 294 i
312 241 414 294 'tu'r
450 241 711 311 Spartana
745 244 891 294 vetat
927 240 1168 294 secedere
1206 243 1470 310 amanteS‚

172 311 248 364 Et
307 312 408 365 'cet
442 312 499 365 in
533 312 706 365 triviis
743 312 809 365 ad
846 313 983 364 latus
1022 329 1135 364 esse
1173 329 1322 379 suae,

103 381 158 436 Ν
160 400 220 436 00
253 383 416 436 timor
450 385 542 436 aut
575 383 739 435 ullast
776 383 981 436 clausae
1017 382 1188 434 tutela
1223 382 1430 450 puellae

172 451 288 507 Nec
322 453 499 524 gravis
543 454 738 506 austeri
774 471 947 522 poena
983 452 1216 504 cavenda
1255 452 1367 505 viri.

101 522 268 578 Nullo
303 523 593 593 praemisso
632 524 696 577 de
733 525 891 577 rebus
928 525 1042 575 tute
1080 523 1311 591 loquaris
1651 530 1707 573 25

24 656 27 657 ⁷
171 592 294 664 Ipse
327 594 461 648 tuis:
498 594 691 664 longae
726 595 874 647 nulla
909 593 1121 662 repulsa
1156 611 1349 645 morae.

100 663 228 718 Non
263 663 451 734 Tyriae
487 668 660 718 vestes
699 665 927 718 errantia
962 664 1164 716 lumina
1199 664 1417 731 fallunt,

171 734 273 788 Est
305 753 478 805 neque
515 735 763 788 odoratae
801 753 924 788 cura
959 736 1185 787 molesta
1222 752 1419 787 comae.

104 805 182 858 At
215 808 401 859 nostra
435 806 645 876 ingenti
680 806 826 858 vadit
862 805 1185 859 circumdata
1220 806 1400 873 turba,

170 875 286 930 Nec
321 876 548 947 digitum
586 879 864 946 angustast
898 876 1182 928 inseruisse
1219 875 1328 943 via,
1652 885 1708 925 30

100 945 153 1000 Ν
157 965 217 999 00
250 965 384 1016 quae
420 947 529 1000 sint
559 947 724 1000 facies
749 965 848 1000 nec
874 965 1006 1016 quae
1033 947 1140 998 sint
1165 946 1324 998 verba
1348 945 1600 1015 rogandi,

171 1015 441 1070 Invenias:
481 1035 692 1071 caecum
729 1021 904 1070 versat
940 1020 1144 1069 amator
1181 1017 1296 1069 iter.

102 1086 255 1150 Quod
291 1087 339 1140 si
374 1088 492 1140 iura
526 1089 668 1141 fores
704 1106 1018 1158 pugnasque
1055 1087 1264 1140 imitata
1298 1086 1589 1156 Laconum,

173 1155 358 1212 Carior
392 1157 495 1212 hoc
532 1177 674 1212 esses
711 1163 771 1211 tu
807 1159 963 1227 mihi,
1002 1158 1193 1227 Roma,
1232 1158 1392 1210 bono,

102 1439 190 1495 Sic
227 1459 327 1512 ego
362 1459 475 1495 non
509 1441 648 1495 ullos
686 1442 792 1494 iam
829 1442 1003 1494 norim
1043 1442 1097 1493 in
1136 1459 1313 1493 amore
1350 1441 1634 1510 tumultus,

151 1511 286 1574 ‚Nec
322 1513 501 1565 veniat
536 1513 651 1565 sine
688 1515 742 1564 te
777 1529 886 1564 nox
923 1512 1196 1582 vigilanda
1232 1511 1389 1564 mihi:

99 1581 176 1635 Vt
210 1581 341 1636 mihi
378 1585 680 1652 praetextae
716 1583 888 1651 pudor
925 1587 1006 1635 est
1042 1583 1246 1635 velatus
1285 1583 1505 1651 amictu,

170 1652 244 1705 Et
279 1653 402 1706 data
437 1653 656 1706 libertas
693 1671 913 1706 noscere
950 1654 1144 1706 amoris
1182 1653 1305 1721 iter,

99 1722 202 1776 Illa
235 1723 392 1776 rudes
430 1724 634 1776 animos
671 1742 765 1792 per
800 1728 982 1776 noctes
1021 1724 1235 1776 conscia
1270 1723 1469 1792 primas
1676 1732 1705 1777 5

172 1793 372 1847 Imbuit
404 1793 510 1846 heu
544 1795 706 1847 nullis
745 1797 898 1863 capta
934 1794 1173 1863 Lycinna
1214 1794 1365 1846 datis.

100 1863 308 1917 Tertius
343 1863 485 1917 haud
521 1866 690 1917 multo
728 1865 903 1917 minus
942 1868 1023 1917 est
1060 1883 1179 1918 cum
1218 1865 1427 1917 ducitur
1464 1883 1659 1918 annus:

169 1933 273 1988 Vix
310 1935 528 1988 memini
563 1935 719 1988 nobis
757 1936 917 1988 verba
958 1936 1126 1988 coisse
1164 1936 1362 1988 decem.

101 2005 304 2059 Cuncta
338 2009 460 2058 tuus
499 2006 740 2075 sepelivit
778 2024 949 2074 amor,
988 2024 1086 2058 nec
1122 2006 1322 2058 femina
1357 2008 1480 2075 post
1515 2010 1568 2060 te

169 2074 293 2141 Vlla
329 2076 474 2129 dedit
516 2076 654 2129 collo
693 2076 866 2129 dulcia
902 2077 1079 2129 vincla
1113 2095 1248 2129 meo,
1654 2087 1707 2128 10

99 2145 273 2199 Testis
311 2147 412 2199 erit
446 2145 606 2200 Dirce
641 2150 750 2199 tam
787 2165 911 2199 vero
951 2148 1171 2200 crimine
1209 2165 1389 2216 saeva,

171 2215 408 2285 Nycteos
445 2218 719 2286 Antiopen
756 2218 1060 2271 accubuisse
1098 2218 1257 2287 Lyce.

98 2287 149 2339 A
185 2287 432 2356 quotiens
468 2287 719 2357 pulchros
755 2289 890 2340 ussit
925 2289 1113 2358 regina
1150 2289 1397 2357 capillos,

168 2356 457 2427 Molliaque
493 2358 770 2411 inmittens
806 2359 924 2411 fixit
958 2359 1016 2411 in
1054 2377 1145 2411 ora
1180 2362 1392 2413 manus!

98 2427 147 2480 A
220 2428 430 2481 uotiens
467 2428 720 2481 famulam
757 2430 936 2498 pensis
975 2430 1215 2482 oneravit
1250 2430 1445 2498 iniquis
1455 2471 1471 2499 ,
1651 2440 1705 2484 15

218 2501 243 2550 t
278 2501 438 2567 caput
471 2499 530 2551 in
567 2499 698 2551 dura
734 2517 931 2568 ponere
968 2500 1124 2552 iussit
1159 2499 1346 2553 humo!

99 2567 198 2621 Sae
238 2586 266 2621 e
301 2569 451 2622 illam
485 2569 754 2622 inmundis
792 2574 1000 2639 passast
1035 2570 1277 2623 habitare
1313 2571 1572 2641 tenebriS,

219 2638 346 2692 ilem
380 2639 586 2693 ieiunae
623 2658 780 2709 saepe
817 2641 1035 2710 negavit
1070 2659 1273 2709 aquam.

105 2707 161 2761 [u
235 2709 360 2778 iter,
399 2710 666 2780 Antiopae
702 2729 961 2780 nusquam
1000 2711 1261 2763 succurris
1297 2711 1516 2765 habenti

216 2782 274 2832 ot
307 2780 483 2833 mala?
529 2782 819 2850 corrumpit
856 2781 986 2834 dura
1023 2785 1208 2834 catena
1245 2800 1449 2836 manus,
1647 2795 1703 2837 20

99 2849 156 2904 Si
193 2849 319 2903 deus
357 2869 439 2919 08,
476 2851 576 2904 tibi
612 2855 766 2920 turpe
802 2854 948 2908 tuam
987 2853 1180 2906 servire
1217 2854 1467 2923 puellam.

182 2935 432 2974 Pnornnms.
516 2961 518 2963 .
1423 2943 1449 2984 6
